3008 3830
1405 136 1461 182 19

1386 297 1391 303 .
1426 273 1611 318 namque
1640 262 1741 318 ipsa
1771 262 1968 304 decoram

778 337 1007 380 caesariem
1038 345 1140 382 nato
1169 339 1364 395 φαεινὼ
1394 338 1618 397 lumenque
1647 325 1842 383 iuventae

745 433 749 437 ⁴
773 429 1045 474 purpureum
1075 423 1115 459 et
1144 415 1276 459 laetos
1306 416 1442 461 oculis
1471 417 1660 474 adflarat
1688 418 1883 471 honores,

779 493 904 551 quale
934 508 1088 540 ntanus
1118 494 1285 539 addunt
1314 493 1435 538 ebori
1462 495 1589 540 decus
1619 503 1709 539 aut
1736 496 1825 539 ubi
1841 497 1996 554 slavo

778 579 1041 628 arqentum
1070 571 1326 616 Pariusve
1357 573 1495 632 lapis
1527 574 1877 618 circumdatur
1906 590 2046 619 auro.

346 645 616 698 Claudianus
640 648 744 707 -ipse
778 650 846 706 10,
884 649 970 694 175

768 724 862 770 ‘hos
894 727 1066 771 Mariae
1097 728 1244 784 cultus,
1278 729 1382 772 haec
1411 744 1588 773 munera
1619 738 1768 774 nostra
1797 745 2026 788 precamur

776 807 951 864 reqinae
979 808 1130 864 reqina
1148 807 1291 864 feras.
1340 809 1411 851 dic
1440 809 1549 851 talia
1577 823 1814 867 numquam

770 887 1062 944 promeruisse
1097 886 1259 931 Thetim
1288 902 1376 931 nec
1405 903 1512 931 cum
1542 902 1690 932 soror
1720 887 2034 947 Amphitrite

775 972 950 1007 nostro
982 973 1143 1023 nupta
1174 963 1355 1020 Iovi*).

343 1038 512 1084 Seneca
544 1040 727 1085 Troasin
764 1042 847 1085 181

775 1121 946 1163 emicuit
974 1122 1126 1178 inqens
1156 1120 1310 1164 umbra
1345 1120 1580 1165 Thessalici
1608 1124 1741 1177 ducis,

781 1197 979 1242 Threicia
1011 1199 1154 1257 qualis
1184 1214 1310 1243 arma
1336 1200 1569 1258 proludens
1600 1203 1683 1244 tuis

774 1279 879 1327 iam,
918 1277 1065 1334 Troia,
1085 1278 1204 1335 fatis
1233 1280 1385 1322 stravit
1414 1287 1490 1322 aut
1519 1279 1785 1338 Neptunium

775 1372 885 1399 cana
915 1359 1115 1400 nitentem
1140 1357 1327 1415 perculit
1355 1359 1547 1401 iuvenem
1577 1374 1708 1413 coma,

774 1442 861 1478 aut
892 1449 998 1478 cum
1028 1436 1163 1479 inter
1192 1437 1328 1479 acies
1360 1436 1524 1480 Marte
1553 1437 1776 1480 violento
1797 1436 1987 1494 furens

775 1513 1079 1571 corporibus
1110 1528 1278 1557 amnes
1309 1514 1463 1557 clusit
1493 1523 1532 1557 et
1561 1529 1767 1573 quaerens
1797 1517 1878 1558 iter

773 1592 925 1633 tardus
957 1599 1129 1634 cruento
1161 1592 1361 1635 Xanthus
1392 1594 1553 1636 erravit
1581 1594 1708 1646 vado,

774 1677 861 1711 aut
893 1684 1000 1710 cum
1030 1669 1246 1725 superbo
1278 1671 1441 1713 victor
1470 1672 1524 1712 in
1555 1686 1708 1712 curru
1737 1672 1877 1713 stetit

775 1748 940 1803 eyitque
970 1746 1156 1789 habenas
1188 1745 1411 1790 Hectorem
1443 1756 1482 1790 et
1517 1746 1692 1791 Troiam
1723 1748 1905 1791 trahens.

340 1823 463 1866 Haec
501 1838 613 1879 quae
652 1823 886 1879 selegimus
925 1839 1063 1881 pauca
1095 1825 1148 1867 de
1186 1824 1336 1868 multis
1373 1821 1463 1882 qui
1486 1825 1697 1868 curiosius
1737 1824 1813 1868 sed
1852 1824 1990 1869 libero
2030 1825 2175 1868 animo
2216 1824 2500 1877 rimabuntur,

340 1901 466 1957 ultro,
500 1901 789 1959 opinabimur,
823 1902 953 1946 etiam
987 1918 1014 1946 a
1045 1902 1173 1947 nobis
1203 1917 1291 1947 non
1320 1902 1576 1961 singillatim
1604 1901 1814 1946 admoniti
1841 1902 2100 1960 intelligent,
2135 1917 2232 1947 esse
2253 1917 2350 1946 eam
2371 1916 2502 1961 quam

341 1981 532 2039 diximus
563 1987 789 2038 poetarum
827 1981 1203 2038 consuetudinem,
1244 1983 1486 2040 scitamque
1517 1982 1763 2026 libertatem
1802 1982 2011 2026 orationis
2043 1981 2285 2026 cavendum
2319 1996 2416 2026 esse
2447 1996 2503 2025 ne

339 2075 472 2116 prave
504 2059 830 2117 interpretando
863 2075 1189 2118 corrumpamus
1221 2066 1266 2104 et
1295 2060 1349 2104 ad
1384 2059 1641 2105 deteriorem
1674 2060 1973 2104 formationem
2006 2066 2156 2104 nostro
2189 2059 2404 2104 arbitratu
2432 2059 2503 2103 de-

339 2137 578 2182 trudamus.
627 2137 782 2196 Itaque
812 2154 868 2182 ne
900 2138 1172 2196 Propertium
1204 2139 1379 2196 quidem
1413 2154 1512 2182 cum
1543 2139 1697 2183 scribit

1063 2227 1101 2260 et
1129 2218 1289 2261 incedit
1316 2217 1384 2260 vel
1414 2217 1515 2261 Iove
1544 2218 1678 2274 diyna
1708 2232 1831 2260 soror

776 2304 852 2338 aut
881 2311 977 2339 cum
1008 2295 1265 2352 Munychias
1295 2295 1451 2340 Pallas
1481 2298 1697 2354 spatiatur
1726 2297 1784 2339 ad
1813 2310 1913 2339 aras

340 2372 550 2429 largimur
581 2372 627 2416 id
660 2373 852 2417 sensisse
885 2373 1000 2431 quod
1033 2373 1182 2418 Birtus
1215 2374 1254 2418 ei
1287 2374 1548 2432 suppeditat,
1583 2383 1658 2417 aut
1685 2374 1798 2418 velut
1827 2373 1996 2427 Pallas,
2029 2388 2125 2417 cum
2160 2374 2390 2431 spatiatur,
2424 2372 2502 2417 sed

335 2466 439 2501 >cum
477 2451 585 2496 dicit
623 2451 716 2496 Aut
752 2468 848 2496 cum
880 2452 1034 2496 Pallas
1075 2454 1292 2510 spatiatur
1326 2453 1386 2496 ad
1414 2468 1529 2509 aras,
1563 2453 1749 2511 primum
1782 2452 1950 2495 locutus
1982 2459 2050 2495 est
2079 2457 2128 2494 ut
2158 2457 2300 2510 poeta,
2341 2450 2502 2495 deinde

340 2530 424 2575 hoc
450 2531 665 2589 superiori
688 2530 887 2589 exemplo
909 2531 1090 2575 liberius
1113 2546 1219 2575 sane
1242 2530 1316 2575 sed
1347 2530 1462 2575 haud
1490 2530 1774 2586 incommode,
1805 2545 1981 2574 sensum
2013 2530 2051 2574 si
2078 2537 2264 2588 spectes,
2293 2529 2501 2574 adnectit.

296 2622 299 2624 ’
338 2607 399 2652 Et
434 2607 519 2653 hoc
555 2625 636 2653 nos
675 2625 729 2652 eo·
762 2609 970 2653 fidentius
1008 2609 1289 2666 affirmamus,
1328 2610 1431 2668 quia
1468 2610 1599 2654 etiam
1637 2610 1710 2654 ubi
1750 2625 1882 2653 unum
1920 2615 2090 2652 tantum
2128 2609 2272 2652 simile
2308 2608 2499 2665 affertur,

340 2689 492 2733 eadem
525 2695 743 2733 structura
775 2694 955 2731 utuntur
985 2695 1152 2746 poetae,
1187 2688 1306 2732 velut
1336 2688 1558 2747 Vergilius
1591 2689 1703 2733 Aen.
1730 2688 1797 2742 12,
1824 2687 1906 2731 101

554 2929 590 2976 *)
617 2930 662 2966 In
686 2928 745 2966 his
770 2938 917 2974 quoque
944 2926 1150 2972 Claudiani,
1176 2927 1346 2973 quamvis
1373 2926 1524 2962 diversa
1550 2925 1639 2969 sint,
1668 2927 1720 2966 10,
1747 2926 1817 2960 213

915 3001 970 3031 ast
993 2995 1060 3030 alii
1083 2994 1269 3030 thalamum
1293 2993 1392 3029 docto
1417 2993 1603 3040 componite
1627 2997 1738 3032 textu,-

916 3062 1060 3097 stamine
1082 3066 1249 3107 yemmato
1271 3060 1519 3106 picturatisque
1543 3058 1707 3094 columnis

915 3128 1116 3173 aedificetur
1139 3137 1241 3173 apex,
1265 3126 1401 3173 qualem
1424 3136 1493 3161 non
1516 3123 1627 3170 Lydia
1653 3123 1745 3159 dives

917 3193 1030 3228 erexit
1053 3191 1173 3239 Pelopi
1193 3202 1267 3228 nec
1291 3201 1405 3238 quem
1429 3196 1587 3226 struxere
1611 3188 1723 3235 Lyaeo

914 3259 1084 3294 Indorum
1106 3258 1226 3306 spoliis
1249 3263 1283 3293 et
1304 3268 1410 3304 opaco
1431 3257 1573 3304 palmite
1599 3255 1758 3291 Bacchae

338 3333 467 3362 tamen
491 3325 530 3361 in
556 3326 792 3362 adnectenda
819 3324 944 3360 altera
971 3323 1219 3359 similitudine
1245 3334 1319 3358 non
1346 3321 1564 3358 dissimilem
1589 3320 1646 3356 illi
1673 3331 1860 3366 agnoscas
1886 3319 2116 3356 libertatem.

2161 3390 2208 3427 3*
