3008 3830
1394 131 1449 175 21

774 253 854 295 um·
883 252 1082 310 odiisque
1111 253 1206 296 viro
1237 251 1416 310 telisque
1432 251 1742 309 frequentibus
1771 254 1944 297 instant.

761 328 846 373 'ille
874 328 989 374 velut
1016 343 1147 389 rupes
1176 336 1344 373 vastum
1375 343 1486 388 quae
1510 330 1665 389 prodit
1692 331 1739 372 in
1770 344 1932 389 aequor

773 408 900 452 obvia
929 416 1151 453 ventorum
1167 408 1313 465 fmiie
1344 418 1603 467 expostaque
1625 417 1763 467 ponto

771 488 860 529 vim
890 495 1086 529 cunctam
1115 494 1243 544 atque
1273 487 1413 529 minas
1440 487 1608 544 perfert
1635 487 1825 544 caelique
1853 489 2069 544 marisque

771 566 871 621 ipsa
900 566 1077 618 immota
1106 579 1296 608 manevus.
1342 564 1518 608 Prolem
1547 563 1832 608 Dolichaonis
1862 564 2052 608 Hebrum

772 643 920 685 sternit
950 642 1081 695 humi,
1115 658 1211 685 ctam
1241 657 1325 700 quo
1357 641 1573 700 Lataqum
1604 641 1889 700 Palmumque
1905 642 2124 700 fuyacem.

340 718 465 773 Quae
496 719 625 762 nobis
656 734 743 761 non
776 726 894 761 recte
925 721 1124 777 accipere
1162 719 1383 774 videntur,
1423 719 1500 776 qui
1537 720 1603 762 sio
1638 719 1869 776 accipiunt,
1909 727 1957 762 ut
1991 720 2035 762 in
2073 735 2200 763 unam
2239 720 2498 764 sententiam

339 803 495 841 coeant
526 796 634 840 haec
654 796 729 840 ille
746 796 1219 854 prolem-Dolichaonis
1240 797 1431 841 Hebrum
1453 798 1604 840 sternit
1622 797 1753 850 humi,
1786 796 1929 839 medio
1952 797 2206 855 interposito
2229 798 2361 841 simili
2382 797 2497 855 quod

339 876 395 920 ab
416 874 500 920 hac
521 890 568 919 re
590 875 719 934 plane
740 875 930 920 alienum
953 883 1038 920 est:
1072 876 1170 933 quis
1192 875 1309 920 enim
1330 874 1566 920 crediderit
1586 882 1676 919 tam
1698 874 1886 920 absurde
1908 874 2026 933 loqui
2048 874 2304 933 prudentem
2324 882 2496 934 poetam

339 962 387 998 ut
417 953 547 1009 dicat,
580 954 668 1009 ille,
701 954 814 998 velut
842 969 973 1013 rupee
1003 955 1089 997 vim
1119 962 1340 998 ventorum
1367 954 1535 1013 perfert
1562 956 1738 1001 immota
1767 968 1955 1004 manem,
1987 954 2180 997 Hebrum
2200 957 2348 997 stemit
2365 954 2496 997 humi.

337 1032 479 1077 Immo
511 1033 605 1091 ipse
636 1039 762 1076 tenor
793 1032 1054 1076 narrationis
1086 1032 1255 1090 probat,
1287 1031 1553 1076 Mezentium
1585 1031 1685 1087 dici,
1719 1032 1788 1076 cui
1821 1046 1971 1076 omnes
2003 1032 2169 1076 instant
2189 1033 2355 1088 armati,
2380 1031 2499 1075 velut

337 1127 490 1170 rupem
521 1112 698 1156 obviam
730 1118 959 1155 ventorum
989 1110 1113 1154 furiis
1146 1111 1236 1154 vim,
1269 1119 1467 1171 canutam
1503 1111 1730 1169 minasque
1763 1112 1971 1169 perferre3
2006 1111 2058 1154 de
2091 1126 2196 1168 rupe
2229 1112 2360 1167 igitur
2387 1126 2497 1168 quae

338 1189 454 1233 elata
483 1189 572 1233 sint
602 1189 788 1247 proprie,
821 1188 1047 1233 transferri
1076 1188 1124 1232 iu
1155 1188 1427 1233 consimilem
1459 1188 1759 1233 condicionem
1785 1188 2012 1243 Mezentii3
2046 1188 2202 1232 deinde
2235 1189 2390 1232 subiici
2422 1189 2499 1232 illa

331 1267 507 1312 ‘sternit
536 1266 657 1311 humi
689 1264 900 1311 Hebrum'
936 1274 979 1310 et
1010 1266 1190 1324 reliqua.

555 1361 649 1407 Sor.
672 1379 729 1406 m.
752 1363 897 1419 Aprili
919 1378 957 1405 a.
981 1359 1340 1405 MDCCCXCV.
