3008 3830
1502 163 1559 206 10

440 286 614 344 quidem
650 286 778 343 plane
811 285 1006 328 insolens
1039 292 1107 328 est
1138 292 1182 327 et
1212 284 1419 327 alienum.
1450 283 1583 326 Velut
1613 297 1712 326 cum
1732 282 1969 338 Euripides
2001 282 2156 326 scribit
2185 282 2233 325 iu
2254 281 2438 325 Troasin
2466 296 2507 325 v,
2525 281 2615 325 826

439 362 579 419 ἧιόνες
612 363 789 406 δ’ἆλιαι
826 366 971 417 ἴαχον·
1014 362 1107 405 οἷον
1139 361 1291 411 οἰωνὸς
1324 359 1433 415 ὑπὲρ
1464 364 1619 404 τεκέων
1649 362 1770 416 βοᾶ,
1808 365 1863 404 αἲ
1886 359 1968 416 μὲν
1998 354 2259 416 εῧνάτορας,
2290 365 2344 404 αἳ
2370 359 2420 403 δὲ
2450 359 2616 409 nardus·

441 448 493 485 αἲ
520 443 568 485 δὲ
599 445 791 497 ματέρας
820 439 1016 495 γεραιάς,
1051 439 1264 497 quidquid
1300 439 1447 482 vitiosi
1480 445 1548 482 est
1578 439 1622 482 in
1657 439 1817 495 verbis,
1850 446 2020 481 tuntum
2042 444 2224 496 apparet
2243 453 2298 481 ex
2317 437 2616 495 ssoffifexempli

441 521 484 562 in
519 519 751 577 principali
785 519 982 562 oratione
1013 520 1175 573 βοῶσιν
1206 517 1413 573 intelligi:
1448 517 1534 560 nisi
1555 516 1672 574 quod
1694 517 1799 574 quia
1820 516 1963 560 simile
1984 515 2219 574 praecedit,
2254 515 2338 559 hoc
2358 515 2487 573 paulo
2510 530 2616 560 sane

439 598 611 643 facilius
644 597 888 640 instituitur
919 611 1050 654 quam
1084 597 1236 640 eodem
1271 597 1541 653 insequente.
1590 594 1740 638 Nihilo
1772 595 1916 638 minus
1948 593 2198 638 dubitamus
2220 593 2458 652 Apollonio
2485 593 2616 638 istam

441 673 830 717 conformationem
869 673 1081 728 adimere,
1122 689 1208 731 qua
1244 688 1356 730 quae
1395 680 1463 716 est
1498 687 1615 730 pars·
1641 672 1785 729 potior
1822 671 1943 714 nullo
1976 686 2054 715 suo
2086 671 2220 715 verbo
2251 677 2381 715 aucta
2411 670 2614 729 pendeat,

440 750 579 806 αὐτὰρ
603 752 627 793 ὃ
647 750 748 801 τούς
768 769 816 803 γε
838 750 887 794 εὖ
909 752 1068 806 διαβὰς
1089 751 1310 801 ἐπιόντας,
1334 751 1514 793 verbum
1537 756 1682 793 autem
1704 750 1839 793 simili
1863 735 2251 805 accommodatum,
2274 748 2352 792 ἅτε
2372 747 2529 799 σπιλὰς
2550 751 2616 793 εῖν

440 829 513 872 ἁλὶ
535 833 667 886 πέτρη
687 833 833 885 μίμνει
855 826 1118 886 ἀπειρεσίῃσι
1140 827 1381 883 δονεύμενα
1402 826 1553 883 κύματ’
1574 824 1768 878 ἀέλλαις,
1800 828 1932 870 simul
1953 828 2082 871 istam
2110 817 2353 871 orationem
2386 834 2614 871 sustentet.

442 908 543 962 Qua
576 909 620 950 in
653 923 699 950 re
729 907 1098 950 reminiscendum
1121 917 1200 961 est,
1235 906 1430 950 Graecos
1453 914 1603 963 poetas
1625 907 1948 964 scriptoresque
1970 922 2057 950 non
2080 922 2178 949 raro
2201 906 2354 950 solitos
2376 907 2615 950 sententias

442 989 503 1029 ita
527 995 708 1038 struere,
745 993 791 1028 ut
814 987 955 1041 priore
978 994 1100 1043 parte
1124 985 1317 1028 nondum
1341 984 1543 1027 absoluta
1565 999 1663 1027 cum
1686 999 1846 1027 novum
1870 985 2129 1040 subiectum,
2163 986 2256 1028 sive
2279 985 2616 1043 comparationis

442 1081 575 1107 causa
608 1065 700 1107 sive
734 1065 777 1106 in
812 1064 898 1106 alio
928 1079 1012 1120 quo
1037 1063 1164 1106 modo
1186 1063 1405 1119 loquendi,
1441 1062 1633 1104 medium
1656 1063 1949 1120 interponitur
1970 1064 2091 1106 verbi
2113 1064 2293 1106 formam
2318 1063 2372 1106 ad
2396 1063 2478 1106 hoc
2499 1062 2617 1120 quod

443 1145 621 1201 propius
662 1152 730 1185 est
767 1143 1010 1199 applicetur
1049 1157 1190 1198 neque
1230 1142 1284 1184 ad
1325 1142 1593 1198 superiorem
1633 1148 1801 1198 partem
1841 1142 1980 1185 oratio
2012 1149 2268 1186 revertatur.
2317 1140 2447 1196 Quod
2479 1157 2617 1198 genus

441 1224 702 1278 interpretes
736 1221 807 1262 hic
839 1220 931 1262 illic
963 1221 1202 1276 tetigerunt
1234 1227 1278 1262 et
1309 1235 1396 1262 uno
1430 1219 1622 1262 alterove
1655 1219 1869 1276 exemplo,
1903 1219 2021 1277 quod
2052 1220 2164 1263 forte
2195 1221 2242 1263 in
2275 1227 2477 1278 promptu
2508 1227 2614 1272 erat,

441 1301 717 1342 declararunt
756 1299 830 1340 sed
872 1298 1201 1355 interpretando
1239 1299 1510 1340 miscuerunt
1548 1295 1722 1339 diversa
1759 1312 1901 1354 neque
1940 1298 2003 1340 rei
2042 1299 2254 1340 rationem
2287 1299 2395 1341 satis
2428 1297 2616 1341 dilucide

440 1377 760 1434 explicuerunt.
811 1374 949 1419 Cuius
982 1375 1100 1418 modi
1134 1383 1237 1417 sunt
1270 1374 1376 1418 haec
1408 1373 1693 1430 Theognidea
1723 1374 1829 1429 (541
1854 1372 1988 1430 ng.)

878 1453 1101 1510 δειμαίνω,
1133 1451 1191 1509 μὴ
1224 1451 1352 1508 τήνδε
1385 1451 1529 1503 πόλιν,
1563 1452 1839 1509 Πολυπαίδη,
1871 1449 2004 1508 ὕβρις,

948 1533 1056 1589 ἢπερ
1093 1531 1363 1586 Κενταύρους
1395 1530 1663 1590 ὠμοφάγους
1695 1532 1892 1583 ὄλεσεν,

440 1627 552 1669 quae
586 1627 667 1656 nec
699 1612 998 1670 imperfectam
1038 1612 1300 1655 sententiam
1340 1610 1505 1655 habent
1542 1625 1683 1669 neque
1715 1611 1896 1654 verbum
1930 1618 2173 1654 extremum
2209 1609 2504 1668 depravatum.
2560 1610 2619 1654 Et

440 1708 550 1749 quae
583 1691 819 1749 Euripides
853 1691 1007 1734 scribit
1039 1690 1084 1733 in
1119 1689 1276 1734 Oreste
1313 1690 1430 1734 1035

907 1786 973 1815 οΡ.
1024 1768 1114 1813 τόδ’
1149 1767 1265 1825 ἦμαρ
1298 1768 1399 1826 ἡμῖν
1431 1768 1597 1823 κύριον·
1631 1768 1700 1811 δεῖ
1728 1768 1767 1811 δ’
1789 1769 1814 1824 ἢ
1845 1767 2029 1823 βρόχους

1023 1846 1179 1890 ἅπτειν
1212 1845 1475 1902 κρεμαστοὺς
1507 1846 1531 1901 ἢ
1566 1849 1693 1902 ξίφος
1727 1845 1882 1901 θήγειν
1913 1849 2019 1901 χερί.

899 1941 974 1972 HA.
1027 1924 1079 1969 σύ
1112 1925 1192 1969 νύν
1222 1927 1285 1982 μ’,
1318 1924 1501 1982 ἀδελφέ,
1532 1924 1593 1981 μή
1624 1941 1685 1974 τις
1708 1921 1919 1980 Ἀργείων
1949 1924 2107 1982 κτάνῃ

1023 2003 1207 2059 ὕβρισμα
1242 2007 1430 2060 θέμενος
1463 2002 1538 2046 τὸν
1561 2000 1891 2059 Ἀγαμέμνονος
1921 2002 2064 2055 γόνον.

909 2097 976 2126 op,
1028 2081 1124 2130 ἅλις
1156 2080 1203 2123 τὸ
1234 2080 1391 2137 μητρὸς
1423 2080 1512 2136 αἷμ’
1535 2080 1636 2134 ἔχω·
1686 2082 1732 2123 σὲ
1764 2081 1805 2123 δ’
1828 2078 1881 2123 οὗ
1911 2082 2058 2123 κτενῶ.

441 2160 629 2202 Tantum
663 2168 755 2203 erat
789 2159 1071 2213 afferendum,
1109 2168 1155 2202 ut
1187 2159 1316 2216 plane
1349 2160 1679 2217 perspiceretur,
1715 2159 1820 2217 quid
1854 2159 1909 2202 ad
1942 2159 2018 2202 illa
2050 2160 2185 2204 verba
2212 2158 2265 2203 σὺ
2288 2160 2368 2203 νῦν
2387 2161 2431 2215 μ’
2454 2156 2620 2215 ἀδελφέ

440 2253 620 2281 necesse
655 2246 771 2281 esset
803 2254 857 2281 ex
885 2238 1097 2295 proximis
1121 2237 1352 2292 cogitando
1375 2238 1676 2281 ascisceretur.
1723 2237 1876 2281 Inonis
1899 2237 2168 2295 Euripideae
2190 2244 2293 2281 sunt
2313 2237 2421 2281 haec
2442 2234 2512 2293 (fr.
2528 2237 2614 2280 417

440 2314 648 2371 Nauckii)

1021 2397 1193 2450 κέκτησο
1227 2394 1265 2436 δ’
1288 2391 1454 2447 ὀρθῶς·
1491 2393 1546 2436 ἂν
1578 2394 1619 2436 δ’
1642 2394 1738 2451 ἔχῃς
1770 2393 1876 2437 ἄνευ
1909 2395 2070 2449 ψόγου,

1021 2473 1104 2515 κᾶν
1137 2472 1292 2528 σμικρὰ
1326 2471 1480 2531 σφ’ζου,
1512 2473 1560 2533 τῇ
1591 2472 1685 2532 δίκῃ
1721 2473 1888 2523 ξυνοῦσ’
1911 2469 1992 2521 ἀεί,

1022 2552 1121 2607 μηδ’
1144 2550 1201 2600 ὠς
1235 2550 1365 2601 κακὰς
1398 2549 1639 2608 ναύκληρος
1670 2549 1719 2594 εὖ
1750 2550 1923 2606 πράξας
1955 2554 2060 2594 ποτέ

1024 2631 1157 2687 ζητῶν
1188 2630 1240 2673 τὰ
1274 2632 1434 2674 πλείον’
1467 2633 1559 2674 εἶτα
1592 2629 1719 2674 πάντ’
1752 2628 2030 2674 ἀπώλεσεν.

440 2709 565 2763 Quae
598 2710 644 2751 in
677 2709 860 2765 reliquis
895 2709 958 2751 sic
991 2709 1195 2751 videntur
1227 2716 1343 2752 recte
1377 2710 1524 2764 scribi,
1560 2705 1786 2753 ἀπώλεσεν
1818 2715 1962 2751 autem
1998 2708 2179 2752 verbum
2212 2708 2372 2766 quippe
2404 2707 2459 2750 ad
2481 2706 2618 2750 κακὰν

441 2787 686 2844 ναύκληρον
718 2795 761 2830 et
794 2787 905 2830 hanc
937 2788 1203 2830 sententiam
1236 2787 1611 2831 accommodatum
1634 2802 1768 2844 prave
1791 2786 1896 2830 olim
1919 2786 2176 2842 corrigendo
2199 2801 2352 2844 cogere
2374 2786 2617 2840 voluerunt,

440 2875 487 2908 ut
509 2865 563 2908 ad
588 2872 718 2922 caput
738 2864 901 2907 rediret
922 2871 966 2907 et
986 2865 1095 2922 μηδὲ
1117 2865 1355 2922 particulae
1373 2865 1717 2908 adhaeresceret.
1753 2863 2035 2922 Thucydides
2055 2865 2093 2920 1,
2113 2864 2184 2920 82,
2207 2866 2228 2907 1
2248 2878 2349 2908 cum
2364 2864 2427 2907 ita
2443 2864 2620 2921 scripsit

877 2939 1188 2999 ἀνεπίφθονον
1226 2943 1294 2996 δέ,
1343 2943 1437 2986 ὅσοι
1474 2943 1617 2998 ὥσπερ
1655 2944 1729 2985 καὶ
1767 2941 1886 2998 ἡμεῖς
1926 2941 1997 2984 ὑπ’
2016 2939 2273 2999 Ἀθηναίων
2309 2943 2618 2997 ἐπιβουλευ-

1024 3018 1221 3075 όμεθα,
1259 3020 1318 3075 μὴ
1340 3020 1549 3077 Ἓλληνας
1586 3019 1724 3076 μόνον
1757 3017 1868 3063 ἀλλὰ
1902 3022 1975 3063 καὶ
2005 3018 2257 3075 βαρβάρους
2288 3017 2618 3075 προσλαβόντας

1023 3098 1317 3154 διασωθῆναι,

440 3176 647 3219 videlicet
685 3176 867 3218 verbum
908 3172 1301 3232 ἐπιβουλευόμεθα,
1341 3174 1458 3233 quod
1498 3174 1687 3219 debebat
1725 3174 1780 3218 ad
1813 3175 1919 3225 ὅσοι,
1958 3175 2013 3218 ad
2053 3173 2175 3232 ἡμεῖς
2207 3175 2417 3234 applicari
2448 3174 2616 3231 maluit,

440 3272 525 3314 quo
558 3255 721 3299 factum
754 3262 822 3298 est
853 3255 963 3298 illud
996 3263 1044 3298 ut
1076 3255 1299 3313 penderet.
1363 3255 1615 3313 Xenophon
1652 3256 1698 3298 in
1738 3255 2013 3299 institutione
2045 3253 2156 3312 Cyri
2187 3256 2229 3310 4,
2264 3257 2303 3310 1,
2335 3255 2362 3298 3
2401 3255 2472 3298 vel
2509 3255 2618 3298 haec

440 3335 525 3380 sibi
557 3334 757 3392 permisit
