3008 3830
1371 171 1427 217 13

316 293 473 353 spexit,
506 292 667 336 nedum
699 292 998 350 posteriores.'
1024 290 1113 346 Qui
1144 306 1243 335 cum
1275 299 1351 335 aut
1380 289 1740 347 ἀντιπαρεξάγειν
1770 290 2000 347 legendum
2025 298 2285 348 proponeret
2306 298 2381 333 aut
2401 290 2478 333 ali·

317 370 425 429 quid
462 370 679 414 excidisse
719 370 1025 427 suspicaretur,
1064 385 1153 418 non
1192 368 1303 412 vidit
1338 384 1365 412 a
1401 369 1549 412 verbis
1585 371 1660 412 καὶ
1688 368 1748 425 μὴ
1778 367 1985 424 καθάπερ
2016 369 2333 411 interveniente
2364 383 2478 410 novo

319 450 517 494 subiecto
554 449 610 493 ad
646 449 731 493 hoc
767 448 906 494 relata
942 449 1090 492 omnia
1127 464 1206 492 suo
1244 448 1397 492 ordine
1435 464 1531 492 sese
1569 448 1768 505 excipere
1806 463 1945 505 neque
1984 448 2039 491 ad
2077 448 2302 505 superiora
2331 446 2477 490 rediri.

318 527 404 573 Cui
437 527 581 571 simile
612 526 859 585 exemplum
891 527 937 570 in
969 525 1122 570 eodem
1153 525 1303 570 libello
1333 525 1494 584 legitur
1525 540 1562 569 c.
1586 526 1645 569 20
1666 541 1707 584 p.
1730 521 1950 569 477dt3v
1981 524 2056 569 τὸν
2080 528 2178 582 βίον
2196 524 2354 583 μύησιν
2374 524 2479 568 ὄντα

317 609 391 650 καὶ
427 605 596 663 τελετὴν
632 604 901 664 τελεωτάτην
937 602 1153 662 εὗθυμίας
1189 605 1259 648 δεῖ
1289 604 1445 661 μεστὸν
1480 607 1595 648 εἶναι
1630 608 1704 647 καὶ
1738 604 1921 661 γήθους,
1959 602 2037 659 οὐχ
2072 605 2215 659 ὥσπερ
2253 604 2294 647 οἳ
2326 604 2481 647 πολλοὶ

320 684 484 741 Κρόνια
527 687 600 727 καὶ
641 683 803 728 Διάσια
845 687 919 726 καὶ
961 682 1260 741 Παναθήναια
1296 686 1371 726 καὶ
1406 682 1608 733 τοιαύτας
1644 683 1783 732 ἄλλας
1824 680 1981 739 ἡμέρας
2019 688 2387 739 περιμένουσιν
2424 680 2479 725 ἵν’

318 763 490 820 ἡσθῶσι
519 764 608 806 κτλ.
656 762 935 820 Omninoque
965 761 1049 805 hoc
1080 776 1217 819 genus
1249 762 1571 806 enuntiatorum
1597 777 1781 819 quorum
1809 771 1954 819 partes
1976 778 2054 819 per
2074 778 2203 805 voces
2225 758 2304 816 οὔχ
2324 762 2480 816 ὥσπερ,

317 842 377 900 μὴ
406 841 616 898 καθάπερ
648 840 1002 898 conglutinantur
1031 846 1182 883 notum
1214 847 1282 883 est
1312 839 1448 883 multo
1481 855 1563 884 usu
1592 839 1859 897 frequentari
1887 839 2001 897 ap‘ud
2023 839 2138 883 huuc
2159 841 2415 896 scriptorem
2437 848 2481 882 et

319 920 434 978 apud
467 920 597 963 alios:
634 934 817 977 quorum
851 918 1172 962 enuntiatorum
1202 919 1289 961 vim
1318 925 1362 961 et
1382 925 1597 973 naturam,
1622 932 1720 961 cum
1742 925 1892 961 nostra
1912 919 2167 975 quaestione
2189 919 2477 974 coniunctam,

319 999 425 1043 olim
446 998 493 1042 in
516 998 729 1041 mantissa
749 996 806 1040 ad
828 995 1081 1041 Aristotelis
1103 995 1155 1040 de
1176 1004 1268 1040 arte
1290 997 1460 1053 poetica
1480 997 1641 1040 librum
1664 996 1835 1040 adiecta
1855 1011 1898 1054 p.
1922 997 2010 1039 275
2028 1011 2092 1054 sq.
2115 996 2263 1040 multis
2286 997 2479 1040 collectis

319 1076 533 1135 exemplis
564 1075 809 1134 patefacere
840 1074 1117 1119 conabamur.

538 1151 624 1199 Sed
659 1159 706 1197 ut
738 1152 946 1198 conclusa
977 1153 1035 1197 sit
1064 1152 1193 1197 nobis
1225 1152 1333 1196 haec
1364 1152 1516 1205 oratio,
1550 1153 1587 1196 si
1620 1151 1724 1210 quid
1753 1151 2016 1210 disputando
2037 1151 2358 1210 profecerimus,
2383 1167 2481 1195 cum

320 1234 407 1278 fide
445 1234 534 1278 iam
572 1232 760 1291 quadam
800 1232 1048 1277 videbimur
1078 1238 1281 1287 statuere,
1315 1231 1599 1289 Apollonium
1632 1231 1861 1289 scripsisse
1893 1246 1945 1275 ea
1976 1246 2087 1288 quae
2120 1231 2221 1275 libri
2253 1238 2478 1285 testantur,

1453 1307 1593 1366 αὗτάρ
1626 1310 1650 1353 ὃ
1681 1308 1778 1359 τούς
1808 1326 1858 1363 γε

824 1386 874 1433 εὖ
905 1387 1063 1444 διαβὰς
1094 1386 1312 1440 ἐπιόντας,
1343 1387 1418 1431 ἅτε
1449 1388 1606 1438 σπιλὰς
1636 1389 1701 1431 εἶν
1733 1385 1808 1432 ἁλὶ
1838 1390 1970 1444 πέτρη

825 1472 999 1526 μίμνει
1030 1464 1292 1526 ἀπειρεσίῃσι
1322 1464 1564 1523 δονεύμενα
1594 1464 1744 1523 κύματ’
1776 1463 1970 1518 ἀέλλαις,

324 1562 509 1605 eumque
541 1547 625 1590 hoc
658 1547 801 1590 simile
832 1546 885 1589 ad
920 1560 1017 1588 eum
1049 1545 1224 1588 modum
1257 1559 1385 1603 quem
1421 1545 1616 1603 pluribus
1648 1546 1863 1602 persecuti
1896 1541 2098 1600 sumus*)
2129 1544 2350 1587 extulisse.

542 1706 697 1750 Restat
728 1705 903 1748 tertium
936 1704 1051 1763 quod
1083 1719 1138 1746 ex
1170 1703 1390 1746 Theocriti
1424 1703 1622 1746 versibus
1654 1703 1796 1746 exorsi
1831 1702 2073 1761 disceptare
2106 1702 2333 1758 voluimus,
2368 1702 2483 1760 quod

324 1784 665 1842 quamquam‘iu
698 1783 774 1826 illo
805 1783 1027 1840 prooemio
1058 1788 1291 1824 tractatum
1322 1788 1400 1836 est,
1434 1781 1645 1823 habemus
1677 1787 1822 1823 tamen
1855 1781 2014 1838 quibus
2046 1781 2122 1823 illa
2142 1781 2288 1836 augeri
2311 1795 2398 1823 non
2419 1781 2483 1822 in-

323 1862 499 1918 utiliter,
533 1861 744 1906 nonnulla
774 1868 924 1904 nostra
955 1861 1010 1904 ab
1043 1860 1186 1903 alieno
1217 1859 1378 1903 iudicio
1411 1858 1623 1902 vindicari
1657 1873 1785 1916 posse
1819 1858 2057 1902 videantur.
2108 1858 2283 1902 Etenim
2306 1859 2482 1916 quaein

323 1940 476 1997 idyllio
511 1940 580 1995 12,
605 1940 632 1983 8
664 1939 878 1995 leguntur,
913 1938 966 1981 de
998 1938 1156 1994 quibus
1189 1952 1321 1994 supra
1352 1936 1543 1980 diximus
1575 1933 1636 1992 (p.
1660 1933 1720 1991 7),

542 2106 580 2150 *)
606 2104 650 2141 In
669 2103 916 2141 adnotatione
934 2102 1106 2140 addimus
1124 2101 1296 2149 exempla
1309 2100 1534 2148 Vergiliana
1548 2101 1632 2145 duo,
1647 2111 1742 2146 quae
1759 2111 1983 2146 quamquam
2002 2100 2143 2137 habere
2159 2100 2334 2138 videntur
2349 2100 2482 2145 quibus

323 2171 390 2207 illa
416 2170 639 2208 confirmare
665 2170 793 2215 liceat,
818 2180 892 2206 uno
919 2169 1066 2206 nomine
1093 2168 1293 2205 discedunt
1316 2172 1361 2203 ut
1384 2167 1530 2205 rectius
1556 2168 1602 2203 ab
1628 2167 1705 2203 illis
1732 2172 1998 2213 segregentur.
2052 2166 2143 2203 Aen.
2164 2168 2218 2211 10,
2246 2168 2315 2203 132

898 2238 971 2285 ipse
994 2238 1085 2273 inter
1107 2237 1244 2281 medios,
1277 2235 1423 2287 Veneris
1440 2236 1626 2272 iustissima
1651 2247 1748 2280 curu,

899 2303 1105 2339 Dardanius
1129 2308 1233 2351 eaput
1256 2313 1331 2339 ecce
1352 2313 1442 2350 puer
1465 2302 1614 2338 detectus
1639 2301 1821 2345 honestum,

900 2370 1013 2417 qualis
1036 2380 1168 2416 qemma
1193 2368 1307 2405 micat
1327 2368 1468 2414 fulvum
1492 2379 1580 2416 quae
1604 2368 1729 2404 dividit
1751 2379 1887 2411 aurum,

899 2442 962 2472 aut
984 2436 1070 2471 eollo
1096 2436 1197 2471 decus
1221 2440 1284 2471 aut
1307 2435 1424 2482 capiti,
1449 2434 1504 2469 vel
1526 2434 1626 2481 quale
1648 2445 1713 2481 per
1736 2439 1843 2468 artem

899 2503 1068 2538 inclusum
1092 2503 1182 2537 busco
1205 2507 1268 2537 aut
1292 2501 1416 2536 Oricia
1440 2500 1625 2536 terebintho

899 2567 1001 2604 lucet
1024 2568 1119 2606 ebur.

322 2635 395 2683 ipse
411 2634 511 2672 enim
530 2645 613 2671 cum
630 2634 761 2671 micare
778 2632 938 2679 dicatur,
954 2639 1083 2670 tamen
1101 2632 1170 2669 hoc
1183 2632 1347 2676 verbum,
1362 2630 1459 2677 quod
1473 2628 1641 2667 nonnulli
1658 2628 1960 2675 inter-pungendo
1980 2639 2004 2665 a
2019 2627 2098 2666 suis
2111 2628 2245 2666 vicinis
2259 2633 2480 2676 separatum

323 2701 373 2738 ad
396 2702 471 2751 ipse
494 2699 621 2738 redire
646 2699 829 2745 indicant,
854 2698 970 2736 simili
994 2698 1055 2736 cui
1078 2698 1257 2736 inhaeret
1280 2697 1599 2735 accommodatum
1625 2699 1665 2733 et
1690 2706 1772 2732 cum
1798 2695 1886 2732 lucet
1909 2694 1945 2731 in
1973 2695 2099 2732 altera
2120 2694 2370 2733 similitudine
2387 2706 2483 2732 com·

326 2771 503 2815 paratum
528 2766 693 2812 videtur,
718 2772 763 2803 ut
788 2765 876 2803 hinc
899 2776 1058 2804 necesse
1084 2765 1137 2803 sit
1161 2764 1341 2802 audiatur
1365 2763 1405 2801 in
1429 2762 1549 2810 prima
1576 2761 1760 2806 oratione,
1787 2761 1854 2798 sed
1878 2761 1984 2798 verbi
2008 2761 2131 2798 forma
2157 2772 2253 2807 quae
2278 2761 2405 2809 posita
2423 2767 2484 2799 est

324 2835 455 2872 eadem
482 2834 686 2881 cogitando
713 2834 922 2880 suppletur.
959 2835 1052 2870 Aen.
1070 2834 1104 2878 7,
1120 2833 1193 2869 585

900 2900 1057 2935 certatim
1080 2899 1173 2946 reyis
1198 2898 1421 2933 circumstant
1444 2902 1531 2932 tecta
1557 2895 1675 2931 Latini
1681 2909 1691 2929 .-

900 2966 960 3002 ille
982 2965 1075 3001 velut
1094 2965 1213 3012 pelagi
1233 2975 1337 3012 rupes
1359 2964 1496 2999 immota
1520 2962 1658 3006 resi-stit,

900 3037 940 3067 ut
960 3032 1080 3078 pelopi
1101 3042 1204 3078 rupes
1226 3041 1351 3076 mayno
1374 3029 1526 3065 veniente
1543 3028 1704 3074 fraqore,

901 3108 989 3145 quae
1011 3107 1082 3133 sese
1104 3096 1220 3132 multis
1242 3096 1373 3131 circum
1397 3094 1604 3129 latrantibus
1628 3093 1736 3128 undis

899 3163 987 3200 mole
1010 3168 1107 3200 tenet.

323 3232 383 3268 ille
406 3241 480 3277 quo
506 3230 615 3268 modo
640 3230 804 3267 restiterit
828 3229 1047 3267 declaratur
1071 3228 1250 3275 exemplo,
1274 3226 1343 3264 sed
1357 3227 1495 3262 immota
1510 3226 1648 3269 resistit,
1665 3234 1761 3270 quae
1779 3223 2073 3269 comparationis
2093 3227 2193 3267 suut,
2211 3234 2286 3259 non
2306 3223 2485 3260 videntur

326 3307 438 3342 posse
464 3295 627 3343 seiungi,
652 3306 773 3341 neque
798 3295 996 3340 quicquam
1023 3305 1070 3330 ne
1095 3293 1155 3330 hic
1178 3292 1327 3339 quidem
1351 3290 1656 3336 interpungendo
1678 3289 1853 3334 efficitur,
1872 3289 1938 3325 sed
1957 3299 2003 3325 ex
2021 3287 2304 3334 comparatione
2322 3288 2486 3325 sumitur

324 3362 455 3401 eadem
482 3362 632 3410 quidem
656 3361 779 3400 forma
803 3361 960 3399 verbum
985 3360 1033 3397 ad
1057 3360 1117 3397 ille
1139 3358 1237 3405 quod
1263 3362 1388 3396 mente
1414 3356 1589 3394 addatur.
