3008 3830
1400 228 1425 272 ‘1

334 367 446 409 quae
467 351 534 394 sic
553 350 758 394 videntur
779 350 1012 394 scribenda
1031 365 1142 405 esse,
1176 356 1220 392 et
1241 350 1479 406 imaginem
1501 364 1631 407 quam
1654 349 1817 391 habent
1837 364 1863 390 a
1885 348 1976 390 sole
1999 347 2178 404 petitam
2204 347 2322 389 nullo
2345 355 2496 389 nostro

332 428 411 474 sed
442 427 638 473 eiusdem
672 428 898 486 scriptoris
928 426 1248 484 Francogallici
1280 426 1480 486 exemplo
1512 427 1709 471 stabilire
1741 427 1855 482 licet,
1890 425 1963 483 qui
1996 426 2058 468 ita
2089 426 2254 481 scribit,
2289 427 2333 469 Ia
2361 428 2493 484 ρι’ὲσε,

271 528 274 532 ·
332 508 479 554 α-ιιοὶέε
509 509 562 551 de
581 523 646 551 ceo
667 516 819 565 quatre
838 507 1042 561 chevauoe,
1075 507 1142 550 lui
1158 507 1317 550 aembla
1338 507 1544 550 educante
1564 509 1683 550 ainsi
1701 504 1833 564 qu'un
1854 506 1990 549 coleil.
2031 504 2103 547 Ex
2123 506 2393 548 nostratibus
2414 506 2497 549 fuit

289 592 294 598 '
332 585 438 632 olim
470 586 543 643 qui
577 584 741 629 diceret
774 584 888 644 quod
922 593 1070 629 nostro
1102 585 1211 629 mori
1235 585 1424 629 alienum
1457 592 1537 639 est,
1569 585 1684 628 relate
1714 589 1780 627 νόι
1811 584 1875 626 ale
1896 586 1967 626 ein
1987 583 2128 634 bluot3
2155 593 2364 641 qeverwet
2381 585 2497 628 relate

306 658 399 714 [ale
429 666 499 708 ein
529 663 669 716 bluot3
707 679 786 707 nec
825 662 1013 708 Goethio
1052 679 1137 707 non
1175 662 1341 721 placuit
1377 663 1587 717 scribere,
1627 661 1744 719 quod
1783 668 1827 704 et
1856 661 2000 719 ipsum
2039 663 2281 706 communis
2321 662 2494 705 dicendi

332 741 601 786 consuetudo
633 758 720 785 non
753 742 909 799 recipit

1055 820 1117 863 Es
1148 822 1205 863 ist
1235 822 1304 863 ein
1337 819 1499 863 Selmee
1526 820 1730 876 qqfallen,

1051 898 1183 943 Denn
1212 914 1255 943 ee
1285 899 1344 943 iet
1371 898 1482 943 noch
1511 898 1629 943 nicht
1659 898 1759 942 Zeic

1053 979 1171 1022 Dm
1202 993 1284 1022 von
1314 980 1396 1022 den
1427 978 1649 1021 Blamlein
1681 978 1794 1020 allen

1063 1056 1156 1100 Wir
1186 1058 1352 1100 werden
1383 1057 1665 1114 hocker-frent.

331 1133 628 1189 Quamobrem
661 1133 893 1179 Theocrito
926 1135 1223 1193 relinquamus
1260 1135 1367 1179 illud
1402 1151 1527 1179 suum
1558 1134 1665 1190 χιών
1696 1135 1755 1185 ὥς
1786 1151 1846 1184 τις
1879 1133 2142 1182 ammiano,
2183 1134 2299 1191 quod
2338 1135 2494 1177 intelli-

331 1214 473 1270 gimus
512 1229 641 1271 quam
681 1213 765 1256 late
799 1202 1019 1272 patentem
1057 1213 1270 1257 rationem
1310 1220 1517 1271 sequatur
1554 1222 1599 1256 et
1629 1228 1760 1270 quam
1799 1219 2023 1256 attenuata
2057 1227 2136 1256 usu
2171 1213 2234 1255 vis
2268 1213 2326 1255 sit
2357 1212 2494 1255 additi

330 1291 614 1349 pronominis,
650 1291 723 1335 vix
757 1301 802 1335 ut
833 1290 1157 1335 incommodum
1188 1291 1401 1335 sentiatur
1434 1291 1581 1334 ullum.

548 1446 748 1493 Alterum
783 1446 836 1490 de
858 1462 944 1504 quo
976 1447 1103 1490 nobis
1136 1446 1266 1490 iidem
1304 1462 1452 1490 versus
1476 1446 1718 1490 disserendi
1742 1447 1968 1490 materiam
1990 1447 2177 1489 afferunt
2209 1446 2493 1489 conformatio

331 1535 398 1570 est
430 1527 672 1570 sententiae
705 1527 1044 1584 comparativae3
1085 1526 1138 1570 de
1177 1541 1263 1585 quo
1301 1542 1459 1584 genere
1497 1527 1541 1570 in
1581 1527 1800 1584 prooemio
1834 1543 1872 1570 a.
1901 1527 2017 1571 1885
2050 1526 2260 1570 nonnulla
2297 1527 2496 1585 exposita

332 1613 445 1661 sunt,
480 1604 558 1649 sed
590 1613 650 1648 ea·
673 1605 777 1649 licet
808 1606 980 1663 plenius
1012 1614 1056 1649 et
1087 1607 1131 1649 in
1164 1605 1426 1663 quibusdam
1459 1606 1703 1649 accuratius
1727 1607 1942 1663 persequi.
1997 1603 2339 1649 Similitudinem
2363 1607 2496 1662 igitur

330 1701 356 1728 a
384 1684 652 1742 liquescente
684 1686 784 1728 nive
817 1684 871 1728 ad
904 1685 1200 1729 tabescentem
1237 1684 1453 1728 hominem
1489 1684 1745 1728 translatam
1779 1700 1875 1727 cum
1909 1686 1970 1727 ita
2003 1684 2153 1727 efferat
2175 1684 2432 1728 Theocritus

1303 1762 1361 1814 ὠς
1392 1761 1517 1819 δρύες
1542 1760 1682 1824 ,αὐτὸν
1712 1761 1930 1819 ἐθρήνευν

834 1840 925 1884 εὖτε
957 1837 1064 1895 χιών
1096 1841 1153 1891 ὧς
1184 1858 1244 1891 τις
1276 1840 1583 1884 κατετάκετο
1615 1843 1783 1897 μακρὸν
1816 1839 2049 1898 ὑφἈἷμον

330 1929 511 1977 apparet
542 1935 640 1962 eum
675 1936 758 1962 uno
791 1921 924 1963 verbo
958 1919 1206 1963 defunctum
1240 1936 1337 1964 esse
1370 1936 1466 1963 cum
1501 1930 1648 1978 posset
1679 1936 1839 1978 ponere
1872 1921 1969 1976 duo,
2004 1936 2106 1963 nam
2138 1923 2354 1964 sententia
2386 1922 2492 1965 haec

330 2007 396 2042 est
417 1997 541 2054 δρύες
563 1994 696 2042 αὗιὸν
727 1998 954 2055 ἐθρήνευν,
986 1995 1078 2042 εὖτε
1099 1998 1348 2042 καιετάκετο
1381 1998 1439 2049 ὠς
1460 1998 1565 2054 χιών
1586 1999 1951 2050 τις.καιαιάκεται
1980 1999 2053 2057 ὑφ’
2070 2000 2228 2056 Αἷμον,
2260 2001 2336 2043 sed
2360 2017 2492 2044 unum

329 2077 445 2134 quod
479 2078 624 2135 posuit
656 2092 752 2121 cum
785 2077 1022 2120 narrationi
1056 2077 1237 2121 adderet
1274 2078 1505 2121 collocavit
1541 2087 1685 2121 tamen
1721 2079 1845 2136 quasi
1887 2095 2017 2122 unum
2056 2079 2219 2135 duplici
2252 2079 2395 2123 officio
2428 2081 2488 2122 in-

329 2157 526 2200 serviens
559 2157 603 2199 in
637 2156 781 2200 media
811 2157 1028 2200 sententia
1049 2158 1358 2214 comparativa.
1424 2156 1494 2200 Ad
1528 2157 1714 2200 eundem
1738 2157 1913 2200 modum
1936 2157 2204 2201 conformata
2226 2160 2490 2215 comparatio

330 2244 396 2278 est
428 2235 473 2278 in
506 2234 661 2292 idyllio.
695 2235 763 2291 12,
787 2234 814 2278 8

835 2313 987 2357 τόσσον
1019 2314 1082 2370 ἔμ’
1114 2314 1338 2372 εὔφρανας
1370 2314 1419 2358 τῦ
1450 2319 1619 2370 φανείς,
1652 2316 1826 2370 σκιερὰν
1860 2315 1898 2357 δ’
1923 2312 2003 2358 ὑπὸ
2037 2314 2186 2370 φαγόν

833 2388 980 2435 ἀελίου
1012 2391 1252 2448 φρυγοντος
1284 2391 1513 2448 ὁδοιπόρος
1545 2393 1772 2449 ἔδραμον
1805 2392 1862 2442 ὥς
1894 2409 1968 2442 τις.

328 2471 496 2528 Nempe
530 2471 582 2513 de
615 2486 662 2514 se
695 2470 768 2514 ille
791 2471 897 2531 dicit
929 2475 1103 2527 σκιερὰν
1135 2470 1216 2515 ἰνπὸ
1250 2471 1398 2526 φανὸν
1430 2468 1578 2515 ἀελίου
1609 2470 1850 2529 φρύγοντος
1881 2471 2073 2527 ἔδραμον
2094 2471 2244 2515 addita
2266 2486 2486 2528 compara-

328 2549 446 2592 tione
478 2549 536 2600 ὡς
568 2547 798 2606 ὀδοιπόρος
830 2567 891 2601 τις
923 2550 1067 2607 προέχει
1099 2550 1181 2595 ὑπὸ
1215 2550 1363 2609 ‹pardi›
1395 2548 1540 2594 ἀελίου
1571 2541 1832 2607 φρύγοντοςε
1868 2551 1931 2594 sic
1965 2550 2081 2593 enim
2113 2550 2189 2593 illo
2222 2550 2317 2593 loco
2350 2552 2487 2608 expli—

329 2629 509 2684 cuimus,
560 2644 657 2673 cum
695 2630 954 2687 interpretes
986 2646 1012 2672 a
1045 2645 1145 2673 vera
1182 2629 1348 2673 ratione
1386 2629 1558 2686 longius
1597 2629 1884 2672 deerrassent.
1947 2628 2144 2672 Verbum
2181 2629 2316 2686 igitur
2356 2646 2486 2673 unum

328 2706 443 2763 quod
473 2708 661 2765 positum
696 2717 774 2763 est,
809 2709 1013 2764 ἔδραμον,
1048 2724 1158 2766 quae
1190 2723 1290 2766 pars
1323 2716 1390 2751 est
1420 2708 1694 2762 narrationis,
1729 2707 1872 2749 locum
1905 2707 2037 2750 habet
2070 2708 2112 2750 in
2147 2708 2344 2751 oratione
2367 2724 2487 2751 com-

328 2786 539 2841 parativa.
603 2785 798 2829 Tertium
830 2786 1031 2830 addimus
1063 2786 1121 2830 id.
1150 2788 1216 2842 17,
1244 2788 1324 2830 107

834 2862 886 2908 οὗ
916 2864 1007 2921 μὰν
1039 2863 1214 2920 α’χρεΐός
1245 2881 1293 2917 γε
1324 2864 1444 2922 δόμῳ
1475 2865 1539 2907 ἐνὶ
1571 2869 1688 2907 πίονι
1718 2865 1870 2919 χρυσός

830 2942 1067 3000 μυρμοίκων
1098 2938 1175 2986 ὅτε
1206 2945 1390 2993 πλοῦτος
1422 2940 1490 2986 ἀεὶ
1521 2947 1726 2997 κέχυται
1756 2943 2017 2999 μογεόντων.

329 3016 440 3061 Cum
481 3020 599 3063 enim
637 3021 690 3063 ad
726 3021 832 3064 haec
864 3019 941 3065 οὐκ
973 3018 1143 3077 ἀχρεῖος
1173 3023 1326 3077 χρυσὸς
1362 3022 1410 3064 ἐν
1447 3020 1567 3077 δόμῳ
1605 3025 1775 3075 κέχυται
1813 3020 2095 3078 comparandi
2134 3034 2265 3063 causa
2302 3019 2488 3063 addatur

327 3094 402 3141 ἅτε
431 3097 669 3156 μυρμοὲκων
700 3102 882 3150 πλοῦτος
904 3097 973 3143 ἀεὶ
1003 3099 1249 3156 μογεόντων
1281 3100 1375 3144 scil.
1396 3105 1552 3155 χέεται,
1583 3115 1733 3143 rursus
1767 3101 1959 3156 verbum,
1995 3099 2110 3157 quod
2144 3094 2276 3142 unuin
2310 3107 2388 3154 est,
2424 3099 2487 3142 in-

326 3176 565 3234 telligimus
598 3180 644 3222 in
676 3180 999 3238 comparatione
1031 3181 1134 3238 poni
1167 3179 1244 3223 sed
1264 3179 1322 3223 ad
1343 3179 1712 3237 comparationem
1746 3195 1832 3223 nou
1865 3179 2098 3237 pertinere.
2162 3177 2287 3233 Quae
2320 3178 2487 3221 confor-

326 3257 473 3313 matio,
515 3273 777 3316 quamquam
817 3276 903 3302 non
943 3259 1123 3316 indigna
1160 3274 1271 3317 quae
1309 3258 1575 3314 attendatur,
1615 3258 1726 3301 nihil
1760 3268 1903 3301 tamen
1944 3258 2077 3302 habet
2114 3257 2347 3301 admodum
2387 3258 2487 3301 miri

326 3342 401 3378 aut
421 3337 642 3394 singulare
664 3354 803 3396 neque
826 3338 942 3396 quod
965 3337 1363 3382 Alexandrinorum
1386 3347 1609 3395 poetarum
1627 3338 1848 3395 proprium
1866 3337 2150 3392 existimetur,
2175 3351 2286 3394 quae
2302 3336 2487 3394 Hauptii

325 3413 408 3457 fuit
439 3417 669 3473 sententia,
703 3418 776 3474 qui
810 3432 921 3474 quae
954 3425 1106 3474 poetae
1138 3415 1325 3459 Romani
1357 3416 1520 3460 similia
1551 3415 1772 3470 exhibent,
1808 3413 2009 3459 Catullus
2042 3431 2078 3459 c.
2098 3415 2169 3470 64,
2195 3415 2284 3459 238
