3008 3830
1467 159 1524 203 12

985 277 1081 323 οὔδ’
1104 280 1192 335 ἄρα
1226 280 1420 337 Μηδείης
1450 278 1596 335 θυμὸς
1627 277 1800 334 τράπετ’
1824 277 1933 321 ἄλλο
1964 279 2136 334 νοῆσαι,

983 358 1256 414 μελπομένης
1287 375 1368 412 περ
1400 358 1535 413 ὅμως·
1569 359 1709 400 πᾶσαι
1740 357 1790 400 δέ
1820 355 1862 400 οἱ
1894 353 2027 411 ἥντιν’
2060 352 2228 410 ἀθύροι

983 434 1207 491 μολπήν*)
1239 431 1316 479 οὔκ
1346 435 1419 478 ἐπὶ
1450 433 1583 491 δηρὸν
1613 433 1907 491 ἐφήνδανεν
1937 430 2211 484 ἑψιάασθαι,

405 513 468 556 sic
517 513 632 555 enim
678 511 927 569 ἐφήνδανεν
970 513 1071 557 libri
1120 528 1303 570 quorum
1347 512 1457 556 fides
1502 520 1571 556 est
1613 527 1694 555 nec
1738 513 1849 556 tanti
1893 511 2141 555 faciendum
2185 510 2303 569 quod
2345 510 2391 553 in
2429 510 2581 568 paucis

403 592 657 648 ἐφήνδανον
696 593 940 647 exhibetur,
982 594 1104 637 verbi
1143 594 1283 636 forma
1320 609 1406 636 non
1445 593 1501 636 ad
1539 595 1696 643 πᾶσαι,
1734 592 1852 650 quod
1890 592 2130 650 oportebat,
2171 590 2249 635 sed
2287 591 2341 633 ad
2380 589 2425 632 id
2465 589 2581 647 quod

404 671 582 728 propius
623 680 717 715 erat
748 687 907 715 nomen
947 672 1159 729 singulari
1197 688 1378 715 numero
1416 671 1565 727 ἥντινα
1602 671 1778 728 μολπήν
1815 671 2187 725 accommodaturt,
2231 679 2307 713 aut
2344 670 2387 712 in
2428 668 2581 712 eodem

403 750 517 795 libro
553 750 640 795 190
673 766 770 795 cum
804 750 912 795 haec
944 751 1148 807 leguntur

1203 829 1226 871 ὃ
1260 829 1307 872 δὲ
1339 833 1413 872 καί
1444 831 1537 873 ποτ’
1569 826 1779 886 ἇμιῖμονα
1813 830 1980 884 Φρίξον
2011 828 2155 872 ἔδεκτο

985 910 1183 964 μητρυιῆς
1215 906 1435 963 φεύγοντα
1468 908 1601 950 δόλον
1634 905 1796 962 πατρός
1827 923 1871 949 τε
1902 901 2091 962 θυηλάς,

984 984 1142 1035 πάντες
1173 986 1268 1028 ἐπεὶ
1301 984 1441 1042 πάντη
1473 988 1546 1028 καὶ
1578 985 1665 1036 ὅτις
1695 985 1817 1042 μα’λα
1849 984 2054 1035 κύντατος
2086 982 2263 1040 ἀνδρῶν

987 1065 1161 1109 Ξεινίου
1193 1063 1420 1106 αἰδεῖται
1450 1062 1591 1121 Ζηνὸς
1623 1067 1758 1120 θέμιν
1789 1061 1855 1121 ἧδ’
1877 1059 2115 1118 ἆλεγίζει,

406 1144 530 1199 quasi
571 1142 737 1184 nullum
781 1149 897 1184 esset
928 1141 1088 1191 πάντες
1120 1142 1334 1185 enuntiati
1366 1142 1539 1185 relativi
1572 1141 1757 1186 formam
1791 1141 1906 1200 quod
1938 1140 2130 1184 medium
2163 1147 2231 1184 est
2261 1139 2347 1189 ὅτις
2378 1137 2585 1186 κύντατος

404 1218 578 1275 ἀνδρῶν
620 1227 864 1277 sequuntur
902 1220 1037 1263 verba
1074 1220 1277 1271 αἰδεῖται,
1316 1217 1513 1273 ἀλεγίζει,
1553 1235 1666 1278 quae
1704 1236 1792 1264 non
1829 1227 1918 1263 tam
1950 1219 2079 1263 facile
2111 1218 2322 1276 pluralem
2356 1231 2585 1260 numerum

405 1313 534 1355 quam
574 1297 823 1354 ἐφήνδανεν
861 1298 1091 1356 recipiunt.
1150 1295 1238 1341 Sed
1279 1313 1330 1341 ea
1361 1297 1602 1342 Merkelius
1643 1299 1705 1342 ait
1744 1298 1918 1342 diversa
1955 1313 2052 1342 esse
2090 1298 2146 1341 ab
2178 1312 2229 1340 eo
2261 1296 2370 1351 loco,
2412 1294 2465 1337 de
2498 1308 2584 1351 quo

405 1377 593 1431 agimus3
629 1385 672 1418 et
704 1384 806 1418 sunt
837 1375 1013 1433 quidem
1044 1376 1230 1431 diversa,
1256 1376 1331 1419 sed
1357 1383 1403 1419 ut
1425 1376 1607 1420 eandem
1632 1391 1730 1420 cum
1752 1377 1829 1420 illo
1851 1375 2213 1421 consuetudinem
2234 1389 2338 1433 prae
2359 1388 2406 1418 se
2427 1372 2583 1427 ferant,

404 1470 491 1512 qua
513 1454 671 1498 Graeci
706 1471 732 1497 a
765 1455 983 1498 severiore
1016 1456 1229 1498 enuntiati
1254 1462 1472 1499 structura
1498 1456 1722 1513 paululum
1746 1455 2027 1499 deflectentes
2050 1455 2281 1499 verborum
2300 1452 2464 1497 formas
2487 1466 2585 1495 cum

405 1535 460 1575 iis
494 1548 606 1589 quae
639 1534 840 1589 proxima
873 1541 976 1575 sunt
1009 1534 1263 1576 coniunctas
1297 1549 1393 1576 esse
1426 1534 1593 1576 volunt.
1637 1533 1736 1587 Quo
1770 1535 1910 1590 magis
1939 1533 2150 1577 credibile
2171 1542 2238 1575 est
2259 1539 2431 1590 poetam
2452 1530 2584 1572 etiam

404 1612 447 1652 in
483 1611 559 1653 illo
594 1611 728 1653 simili
759 1615 904 1667 μίμνει
938 1612 1119 1654 verbum
1154 1627 1252 1654 cum
1286 1612 1443 1655 vicinis
1472 1612 1745 1667 conciliasse,
1776 1626 2040 1670 quamquam
2062 1611 2259 1669 superior
2280 1610 2418 1653 oratio
2441 1609 2586 1652 stabat

409 1690 678 1746 imperfecta.
746 1688 891 1742 Quem
929 1705 1094 1732 morem
1128 1690 1411 1746 Graecorum,
1457 1698 1503 1732 ut
1539 1690 1623 1733 hoc
1660 1706 1797 1747 genus
1829 1705 1957 1732 omne
1989 1690 2316 1748 amplectamur,
2351 1688 2421 1730 vel
2452 1689 2497 1729 in
2529 1687 2584 1728 iis

404 1784 618 1824 agnoscas
663 1784 772 1824 quae
819 1777 922 1810 sunt
966 1770 1080 1825 apud
1120 1770 1409 1811 Aristotelem
1455 1771 1499 1811 in
1546 1776 1637 1811 arte
1678 1770 1850 1826 poetica
1888 1784 1924 1811 c.
1952 1770 2008 1811 14
2042 1784 2084 1825 p.
2114 1768 2347 1812 1453b27
2389 1769 2475 1810 ἔστι
2504 1767 2586 1822 μὲν

405 1847 491 1901 γὰρ
524 1846 636 1889 οὕτω
662 1850 868 1899 γίνεσθαι
896 1846 972 1903 τὴν
993 1849 1170 1902 πρᾶξιν,
1203 1847 1346 1902 ὥσπερ
1368 1847 1409 1891 οἳ
1434 1850 1616 1891 παλαιοὶ
1636 1848 1814 1891 ἐποίουν
1834 1846 2005 1898 εἰδότας
2026 1850 2098 1890 καὶ
2118 1845 2451 1901 γιγνώσκοντας,
2473 1858 2585 1903 quae

407 1927 512 1968 olim
545 1941 680 1981 prava
712 1927 1065 1982 interpunctione
1098 1928 1333 1969 obscurata
1365 1927 1419 1969 ad
1455 1943 1577 1969 suam
1610 1927 1824 1970 rationem
1852 1941 2057 1969 revocare
2079 1925 2363 1982 Platonisque
2385 1923 2584 1980 exemplo

406 2004 603 2046 stabilire
638 2003 902 2058 studuimus3
939 2005 1102 2047 etenim
1135 2004 1246 2047 nihil
1279 2019 1436 2047 curans
1466 2006 1707 2061 praemissa
1729 2004 1916 2062 scriptor
1936 2005 1991 2047 ab
2015 2005 2160 2059 ὥσπερ
2181 2002 2396 2061 particula
2416 2002 2586 2059 reliqua

405 2081 595 2138 pendere
619 2081 768 2135 voluit,
806 2088 853 2123 ut
873 2081 929 2124 ad
959 2096 1120 2124 novum
1144 2082 1388 2124 subiectum
1412 2081 1454 2124 οἷ
1477 2083 1658 2126 παλαιοί
1678 2081 2003 2139 applicarentur
2023 2082 2172 2125 omnia
2192 2095 2273 2124 nec
2295 2086 2586 2123 reverteretur

406 2160 461 2201 ad
495 2160 679 2216 primam
714 2161 971 2202 orationem.
1021 2161 1062 2202 A
1096 2160 1256 2215 quibus
1288 2155 1374 2202 n'on
1408 2159 1538 2214 longe
1572 2159 1760 2203 discedit
1790 2159 2065 2213 Plutarchus,
2100 2159 2224 2202 cuius
2255 2157 2364 2201 haec
2396 2165 2499 2200 sunt
2531 2157 2584 2199 de

406 2238 722 2296 tranquillitate
754 2238 889 2280 animi
924 2252 960 2281 c.
988 2239 1045 2281 10
1065 2235 1125 2295 (p.
1150 2238 1241 2281 470
1264 2235 1311 2292 b)
1341 2242 1480 2282 καίτοι
1511 2240 1584 2281 καὶ
1616 2240 1740 2282 τοῦτο
1771 2242 1884 2294 μέγα
1916 2238 2025 2294 πρὸς
2055 2235 2276 2295 εὗθυμίαν
2307 2238 2410 2289 ἐστί,
2432 2237 2479 2281 τὸ
2498 2237 2585 2293 μά-

407 2318 530 2361 λιστα
562 2318 642 2373 μὲν
674 2315 808 2361 αὑτὸν
839 2317 1088 2361 ἐπισκοπεῖν
1119 2319 1191 2359 καὶ
1223 2315 1276 2359 τὰ
1310 2319 1416 2360 καθ’
1438 2315 1589 2368 αὑτόν,
1609 2319 1649 2360 εἰ
1669 2317 1718 2360 δὲ
1738 2316 1815 2373 μή,
1837 2316 1934 2368 τοὺς
1955 2316 2286 2372 ὑποδεεστέρους
2307 2312 2587 2372 ἆποθεωρετν

407 2399 480 2438 καὶ
517 2395 576 2451 μὴ
615 2394 824 2449 καθάπερ
862 2395 903 2438 οἱ
941 2396 1096 2438 πολλοὶ
1136 2396 1243 2449 πρὸς
1281 2394 1379 2445 τοὺς
1416 2393 1708 2450 ὑπερέχοντας
1744 2393 2271 2451 ἇντιπαρεξοίγουσινς
2307 2408 2421 2452 'quae
2454 2393 2585 2450 vulgo

407 2475 514 2517 item
547 2473 664 2517 mala
696 2473 978 2517 distinctione
1012 2473 1226 2528 laborant,
1262 2489 1533 2531 quorumque
1566 2475 1779 2518 rationem
1813 2490 1868 2517 ne
1890 2473 2259 2532 Wyttenbachius
2292 2473 2468 2530 quidem
2490 2488 2585 2530 per-

627 2590 664 2636 *)
693 2591 956 2627 Memorabilia
990 2591 1082 2626 haec
1115 2595 1204 2627 sunt
1235 2591 1305 2626 hoc
1337 2602 1484 2636 quoque
1515 2592 1685 2635 nomine,
1717 2592 1816 2637 qnod
1848 2603 1871 2628 a
1902 2593 2014 2628 πᾶσαι
2044 2602 2179 2629 nomen
2206 2591 2418 2629 seiunctum
2443 2591 2482 2627 in
2508 2590 2585 2627 alia

407 2657 594 2694 orationis
620 2663 732 2703 parte
758 2657 922 2702 positum
950 2663 1019 2693 est.
1073 2657 1179 2701 Quod
1206 2668 1329 2702 genus
1357 2658 1531 2703 tragicus
1557 2658 1714 2704 ignotus
1741 2658 1803 2702 (fr.
1821 2659 1893 2693 392
1918 2658 2076 2703 Nauck.)
2102 2657 2200 2694 dixit

990 2725 1140 2769 Ἀργεῖος
1167 2722 1186 2766 ἢ
1206 2726 1379 2769 Θηβαῖος·
1407 2722 1450 2759 οὗ
1472 2722 1545 2771 γὰρ
1570 2724 1724 2772 εὔχομαι

989 2789 1112 2837 μιᾶς·
1139 2789 1235 2830 ἅπας
1259 2804 1325 2838 μοι
1350 2788 1488 2839 πύργος
1507 2789 1689 2836 Ἑλλήνων
1714 2796 1888 2839 nareis-,-

405 2868 475 2893 nec
502 2857 673 2903 disparia
700 2860 790 2892 sunt
816 2856 911 2893 haee
939 2855 1132 2901 Propertii
1159 2858 1193 2899 ⁶2,
1219 2857 1277 2899 26,
1305 2857 1352 2891 25

990 2934 1070 2958 nam
1096 2933 1170 2957 mea
1195 2934 1272 2957 cum
1296 2924 1431 2967 recitat,
1459 2924 1544 2958 dicit
1568 2935 1601 2959 se
1626 2924 1736 2960 odisse
1762 2924 1893 2960 beatos.-

492 3039 513 3072 4
1063 2989 1220 3024 carmina
1249 2995 1318 3025 tam
1343 2996 1459 3026 sancte
1483 2991 1582 3026 nulla
1604 2991 1722 3038 puella
1749 2991 1845 3033 colit3

407 3040 441 3082 2⁹
467 3039 489 3073 2
517 3065 526 3081 ’
552 3039 600 3074 35
990 3090 1026 3119 tu
1052 3095 1127 3119 mea
1152 3095 1330 3131 compones
1355 3091 1387 3120 et
1413 3085 1505 3121 dic-es
1524 3085 1627 3129 “οεεα,
1654 3085 1825 3133 Properti,

1063 3149 1147 3186 leaeo
1173 3155 1232 3185 tua
1257 3156 1348 3186 sunt.

406 3213 526 3264 μολπή
552 3220 680 3252 autem
714 3227 863 3259 nomen,
896 3227 920 3252 a
944 3218 1055 3251 πᾶσαι
1082 3220 1313 3261 separatum,
1346 3216 1445 3261 quod
1473 3226 1513 3252 se
1541 3216 1590 3251 ad
1615 3216 1772 3253 relativi
1798 3216 1987 3253 enuntiati
2018 3217 2181 3254 formam
2213 3216 2430 3264 applicavit,
2462 3227 2510 3254 ex
2540 3227 2585 3255 eo

408 3292 550 3327 genere
578 3288 650 3325 est,
678 3281 722 3317 de
749 3292 822 3326 quo
848 3292 969 3327 nuper
995 3280 1157 3317 diximus
1183 3281 1222 3317 in
1248 3281 1441 3326 prooemio
1460 3281 1633 3318 Enniano
1660 3293 1695 3317 a.
1718 3283 1809 3318 1892
1834 3293 1868 3328 p.
1884 3283 1917 3326 9,
1944 3283 2115 3329 exempla
2134 3282 2386 3320 Callimachea
2411 3283 2451 3319 in
2470 3282 2586 3319 Calli-

408 3346 541 3383 macho
569 3357 636 3384 suo
662 3345 877 3384 Meinekins
904 3346 1062 3395 collegit
1088 3359 1122 3394 p.
1146 3347 1225 3385 145.
