3008 3830
430 285 456 312 a
479 285 517 312 v.
546 269 601 313 72
634 269 743 312 haec
775 276 1009 312 narrantur
1041 268 1095 312 de
1129 268 1362 326 Daphnide

1592 346 1616 391 ὁ
1648 347 1696 391 δὲ
1730 351 1908 404 Τίτυρος
1937 344 2131 401 ἐγγύθεν
2161 342 2261 402 ᾇσετ

938 425 997 476 ὦς
1028 441 1145 469 ποκα
1177 427 1254 476 τᾶς
1285 428 1449 477 Ξενέας
1482 423 1697 482 ἠράσσατο
1729 423 1904 484 Δάφνις
1932 423 1956 469 ὅ
1985 423 2147 481 βούτας

937 503 1023 559 χώς
1056 504 1157 560 ὅρος
1188 502 1299 563 ἀμφ’
1331 506 1526 549 ἐπονεῖτο
1558 508 1631 549 καὶ
1663 503 1723 556 ὥς
1755 504 1880 562 δρύες
1911 501 2045 549 αὐτὸν
2075 501 2292 561 ἐθρήνεον

819 585 843 628 7
848 585 875 627 5
932 582 1082 640 Ἱμέρα
1114 591 1207 628 αἵτε
1238 583 1393 642 φύοντι
1425 586 1529 640 παρ’
1559 584 1769 639 ὄχθαισιν
1801 593 2028 639 ποταμοῖο.

936 660 1029 707 εὖτε
1060 662 1168 718 χιών
1199 662 1258 713 ὥς
1290 680 1352 713 τις
1382 664 1633 707 κατετάκετο
1662 662 1833 719 μακρὸν
1864 661 1937 721 ὑφ’
1972 663 2115 719 Αἷμον

939 740 1115 796 ἧ”Αθω
1149 740 1414 798 ἣῬοδόπαν
1447 742 1471 797 ἢ
1502 739 1733 786 Καύκασον
1764 740 2052 797 ἐσχατόωντα.

428 819 551 862 Nihil
584 819 819 862 admodum
851 820 898 861 in
931 819 1000 862 his
1035 820 1307 863 difficultatis
1340 820 1501 874 haeret,
1536 819 1653 876 quod
1683 819 1901 876 legentem
1934 828 2137 874 moretur,
2172 826 2275 863 sunt
2301 826 2446 861 tamen
2475 818 2521 860 in
2550 817 2604 861 iis

429 914 539 956 quae
571 899 752 955 insuper
785 899 936 942 habita
968 900 1023 942 ab
1056 900 1369 956 interpretibus
1402 899 1684 943 intentiorem
1716 898 1938 956 quandam
1969 898 2221 957 explicandi
2254 913 2402 942 curam
2424 911 2605 956 poscere

429 977 645 1031 videntur,
681 978 724 1020 in
750 978 922 1034 quibus,
953 977 1059 1034 quid
1082 979 1140 1021 sit
1162 977 1279 1035 quod
1301 976 1359 1033 (v.
1382 974 1459 1032 76)
1481 977 1599 1021 dicat
1619 976 1725 1032 χιών
1747 977 1804 1027 ὥς
1825 993 1888 1027 τις
1908 977 2059 1020 addito
2081 977 2339 1035 pronomine
2360 976 2602 1032 indefinito,

428 1070 514 1111 quo
548 1055 630 1097 hoc
664 1071 821 1098 nomen
855 1071 1014 1111 augere
1046 1071 1072 1098 a
1103 1063 1254 1098 nostra
1285 1055 1492 1112 loquendi
1526 1054 1841 1098 consuetudine
1873 1055 2064 1098 alienum
2099 1061 2178 1110 est,
2213 1070 2355 1112 neque
2377 1054 2420 1097 id
2445 1052 2604 1098 Graeci

429 1149 603 1191 semper
635 1134 786 1177 eodem
821 1134 953 1177 simili
987 1141 1158 1178 utentes
1191 1133 1464 1188 addiderunt,
1498 1133 1865 1192 quemadmodum
1897 1131 2196 1178 Callimachus
2227 1134 2382 1178 scribit
2412 1133 2454 1189 6,
2478 1134 2534 1177 91

938 1212 996 1263 ὠς
1029 1213 1077 1256 δὲ
1109 1218 1309 1268 Μίμαντι
1339 1212 1460 1268 χιών,
1493 1212 1551 1263 ὥς
1583 1210 1714 1269 ἀελίῳ
1746 1213 1809 1257 ἔνι
1841 1212 2063 1268 πλαγγών,

936 1292 1008 1333 καὶ
1040 1289 1202 1334 τούτων
1234 1291 1295 1333 ἔτι
1325 1291 1470 1346 μεῖζον
1502 1289 1690 1341 ἕτάκετο,
1721 1292 1850 1347 μέσφ’
1881 1290 1954 1334 ἐπὶ
1986 1288 2142 1346 νευράς

428 1383 478 1411 ac
514 1368 739 1412 venustius
774 1368 905 1412 etiam
938 1367 1142 1426 Odyssea
1173 1365 1264 1424 (19,
1290 1365 1399 1424 205)

937 1445 996 1496 ὠς
1028 1447 1076 1490 δὲ
1107 1446 1214 1501 χιών
1246 1446 1489 1504 κατατήκετ’
1520 1448 1568 1490 ἐν
1599 1445 1909 1502 α’κροπόλοισιν
1941 1445 2125 1502 ὄρεσσιν,

935 1523 987 1580 ἦν
1019 1526 1052 1567 τ’
1086 1522 1224 1580 Εὖρος
1256 1528 1496 1582 κατέτηξεν,
1528 1525 1634 1581 ἐπὴν
1665 1528 1864 1583 Ζέφυρος
1897 1522 2109 1582 καταχεύῃ
2143 1557 2153 1568 .
2189 1557 2199 1568 .
2233 1557 2242 1566 .

935 1603 993 1654 ὣς
1024 1605 1096 1660 τῆς
1127 1603 1270 1660 τήκετο
1302 1603 1417 1649 καλὰ
1449 1603 1614 1660 παρήια
1647 1602 1964 1660 δακρυχεούσης

427 1688 501 1722 aut-
532 1681 577 1723 in
612 1681 697 1723 alio
731 1681 865 1723 simili
898 1680 1156 1725 Theocritus
1190 1682 1284 1738 ipse
1317 1683 1359 1736 2,
1385 1682 1471 1726 103

1590 1760 1674 1813 ἐγώ
1706 1760 1755 1803 δέ
1789 1777 1855 1803 νιν
1888 1758 1947 1810 ὥς
1977 1758 2138 1817 ἐνόησα

935 1836 1033 1893 ἄρτι
1066 1837 1212 1894 θύρας
1246 1839 1352 1894 ὑπὲρ
1385 1836 1516 1881 οὐδὸν
1548 1835 1839 1895 ἀμειβόμενον
1870 1837 1974 1881 ποδὶ
2006 1836 2169 1896 κούφῳ,

937 1919 1061 1959 πᾶσα
1092 1918 1174 1972 μὲν
1206 1916 1413 1972 ἐψύχθην
1444 1917 1587 1971 χιόνος
1619 1917 1768 1960 πλέον.

426 1991 545 2047 Quid
578 1993 712 2047 igitur
746 2002 863 2037 esset
894 1994 986 2037 illic
1018 1994 1133 2051 quod
1167 1995 1364 2038 additum
1397 1995 1611 2052 legeretur
1642 2011 1894 2052 pronomen,
1929 2011 2017 2038 non
2050 2010 2135 2037 uno
2168 1993 2296 2037 modo
2318 1993 2604 2036 aestimarunt

426 2071 556 2124 docti,
592 2071 768 2112 fuerunt
790 2072 922 2113 etiam
945 2072 1018 2128 qui
1042 2079 1209 2114 mutata
1230 2073 1441 2115 orationis
1464 2073 1603 2115 forma
1623 2088 1864 2130 pronomen
1888 2071 2150 2114 demendum
2172 2079 2387 2114 curarent.
2428 2069 2601 2113 Omitti-

426 2165 523 2191 mus
557 2150 828 2204 singulorum
863 2151 1091 2206 opiniones
1124 2166 1351 2192 recensere
1384 2167 1464 2193 nec
1504 2152 1540 2192 si
1570 2152 1675 2207 quid
1708 2151 1818 2193 forte
1851 2152 1958 2193 recti
1991 2157 2067 2192 aut
2098 2151 2203 2192 utile
2236 2150 2416 2192 allatum
2448 2157 2516 2192 est
2546 2151 2602 2191 ab

426 2228 524 2269 aliis
563 2243 802 2282 moramur3
842 2230 916 2285 qui
956 2228 1104 2271 dedita
1142 2244 1274 2285 opera
1314 2230 1426 2272 banc
1463 2245 1555 2272 rem
1594 2230 1887 2287 exploraverit
1928 2236 1973 2271 et
2009 2228 2183 2272 abunde
2222 2228 2323 2270 huic
2355 2228 2602 2285 quaestioni

426 2306 688 2349 satisfecerit
719 2322 806 2349 non
839 2308 1056 2350 novimus.
1110 2307 1209 2350 Hoc
1242 2309 1373 2364 igitur
1405 2308 1593 2365 primum
1627 2308 1825 2362 dicimus,
1860 2311 1922 2358 τὶς
1954 2322 2194 2365 pronomen
2216 2306 2492 2350 indefinitum
2513 2307 2601 2349 iam

425 2384 527 2426 inde
560 2385 615 2426 ab
650 2383 888 2428 Homerica
920 2385 1181 2442 antiquitate
1215 2386 1259 2428 in
1292 2385 1527 2428 afferendis
1561 2385 1779 2429 similibus
1815 2385 2046 2442 praecipue
2077 2392 2121 2427 et
2153 2392 2325 2442 praeter
2357 2384 2520 2427 similia
2542 2385 2603 2427 ita

426 2463 529 2518 poni
569 2463 863 2517 consuevisse,
905 2462 1070 2505 nullam
1112 2470 1157 2505 ut
1197 2463 1284 2505 vim
1323 2462 1517 2517 haberet,
1556 2463 1685 2520 plane
1728 2470 1773 2506 ut
1806 2472 2001 2506 nostrum
2035 2464 2118 2517 ein,
2159 2478 2257 2505 cum
2291 2462 2385 2505 sine
2418 2471 2602 2505 accentu

427 2540 515 2582 ullo
555 2555 606 2582 ac
637 2555 776 2597 paene
809 2542 903 2584 sine
937 2557 1044 2584 sono
1076 2542 1397 2598 pronuntiatur.
1461 2540 1531 2584 Ita
1563 2540 1822 2585 Theocritus
1854 2542 1949 2598 ipse
1980 2541 2152 2584 locutus
2185 2548 2264 2596 est,
2297 2539 2513 2597 βάτραχος
2545 2537 2604 2591 ὥς

426 2636 487 2669 τις
514 2621 553 2675 7,
578 2620 632 2662 41
661 2622 741 2663 wie
762 2622 830 2663 ἔίη
850 2621 1028 2675 Praecla,
1062 2637 1149 2664 non
1171 2622 1326 2678 iryend
1346 2624 1429 2675 ein,
1453 2636 1538 2678 quo
1561 2621 1700 2665 oratio
1723 2621 2031 2679 corrumpitur3
2065 2619 2295 2675 ὁδοιπόρος
2317 2620 2375 2670 ὥς
2395 2636 2457 2671 τις
2480 2620 2549 2676 12,
2572 2619 2601 2664 9

425 2700 506 2741 wie
537 2699 606 2740 ein
637 2697 894 2751 Wanderer3
927 2711 970 2742 et
1002 2700 1084 2742 hac
1114 2699 1290 2756 quidem
1316 2699 1613 2754 collocatione,
1648 2715 1778 2758 quam
1800 2699 1936 2743 habet
1957 2700 2090 2742 etiam
2111 2696 2352 2756 Sophocles
2373 2713 2475 2742 cum
2495 2698 2603 2742 dicit

427 2776 469 2818 in
495 2775 672 2818 Electra
705 2777 794 2820 234
825 2776 964 2833 μα’τηρ
997 2775 1097 2820 ὡσεί
1128 2793 1188 2827 τις
1221 2777 1350 2820 πιστά
1381 2779 1461 2821 wie
1491 2779 1582 2820 e‘ine
1613 2786 1728 2820 treve
1749 2778 1922 2822 Mutter.
1975 2777 2045 2820 Ex
2077 2776 2211 2820 simili
2233 2775 2602 2819 Theocriteo-sed

427 2853 553 2895 aliter
584 2853 769 2896 formato
803 2862 846 2896 et
877 2854 954 2896 illa
985 2861 1088 2896 sunt
1123 2855 1190 2908 13,
1226 2855 1283 2898 62
1317 2857 1473 2910 νεβροῦ
1502 2858 1818 2910 φθεγξαμένας
1849 2871 1910 2905 τις
1941 2856 1990 2898 ἐν
2020 2854 2165 2910 οὔρεσι
2197 2854 2262 2904 λτς
2292 2852 2534 2904 ἐσακούσας
2554 2855 2602 2906 ἐξ

425 2929 556 2982 εὗνᾶς
588 2931 773 2976 σπεύσαι
804 2949 877 2977 κεν
904 2931 1183 2989 ἑτοιμοτάταν
1215 2934 1286 2976 ἐπὶ
1318 2934 1460 2976 δαῖτα·
1495 2942 1609 2984 τοῒος
1629 2932 1868 2990 χῆρακλέης
1899 2934 1990 2985 κτλ,
2023 2932 2077 2977 de
2109 2933 2268 2991 quibus
2301 2933 2345 2976 in
2379 2932 2602 2991 prooemio

426 3026 464 3052 a.
492 3011 608 3054 1885
642 3026 682 3068 p.
710 3013 763 3054 17
799 3012 967 3067 egimus
1000 3011 1045 3053 id
1077 3026 1250 3068 quoque
1282 3021 1488 3055 caventes
1521 3028 1576 3055 ne
1608 3013 1706 3069 quis
1739 3027 1977 3070 pronomen
2011 3011 2201 3055 auferret
2232 3026 2331 3055 cum
2361 3011 2599 3067 Madvigio.

427 3087 516 3131 Sed
554 3090 660 3146 quid
698 3091 919 3147 parcimus
958 3091 1176 3147 periturae
1215 3090 1419 3134 chartae?
1462 3092 1567 3148 quin
1606 3091 1877 3134 cumulamus
1916 3090 2117 3148 exempla
2154 3106 2240 3148 quo
2272 3091 2413 3147 magis
2444 3098 2603 3134 natura

428 3169 556 3212 huius
596 3169 802 3214 dictionis
840 3178 884 3213 et
921 3171 1191 3214 consuetudo
1229 3172 1466 3228 appareat?
1507 3168 1624 3228 ἀμφὶ
1655 3171 1693 3214 δ’
1717 3170 1784 3226 ἄρ’
1807 3169 1924 3228 αὐτῷ
1955 3172 2072 3226 βαῖν’
2095 3170 2153 3220 ὦς
2188 3187 2250 3221 τις
2288 3172 2386 3231 περὶ
2417 3169 2602 3225 πόρτακι

425 3245 559 3304 μήτηρ
598 3247 649 3290 Il.
684 3249 752 3303 17,
788 3250 835 3303 43
876 3244 936 3298 ὥς
968 3249 1008 3290 δ’
1026 3248 1095 3290 ὅτε
1126 3252 1188 3298 τίς
1219 3265 1263 3290 τε
1293 3251 1405 3292 λέων
1437 3245 1715 3304 ὀρεσίτροφος
1751 3245 1849 3292 ἀλκὶ
1880 3247 2110 3298 πεποιθώς
2145 3252 2409 3304 βοσκομένης
2445 3244 2602 3304 ἇγέλης

425 3327 533 3380 βοῦν
564 3324 740 3385 ἁρπάσῃ
771 3326 879 3370 ibid.
903 3326 981 3382 613
1014 3325 1202 3384 ἑστήκειν
1233 3327 1291 3378 ω”ς
1322 3330 1383 3377 τίς
1415 3343 1459 3370 τε
1489 3328 1601 3371 λέων
1632 3330 1729 3383 περὶ
1761 3326 1844 3372 οἷσι
1876 3330 2063 3371 τέκεσσιν
2090 3325 2198 3371 ibid.
2210 3327 2332 3383 11333
2365 3324 2507 3376 πόδας
2527 3328 2602 3369 καὶ
