3008 3830
1489 161 1545 204 14

935 279 1090 325 τόσσον
1121 282 1188 337 ἔμ’
1208 280 1433 338 εὔφρανας
1464 280 1515 325 τὺ
1543 285 1710 338 φανείς,
1741 279 1916 335 σκιερὰν
1947 280 1986 323 δ’
2008 274 2095 324 ὕπο
2126 276 2275 336 φανόν

935 356 1084 403 ἀελίου
1115 358 1356 417 φρύγοντος
1386 357 1620 415 ὁδοιπόρος
1650 358 1843 415 ἔδραμον
1874 356 1934 410 ὥς
1965 374 2027 408 τις

426 438 682 495 plerumque
714 453 848 495 prave
880 445 1061 495 accepta
1091 438 1157 482 sic
1186 438 1515 496 interpretanda
1536 438 1757 494 duximus,
1791 445 1839 481 ut
1859 452 1907 483 se
1928 436 2094 481 diceret
2113 437 2237 494 pueri
2259 425 2429 482 amator
2450 444 2602 481 urente

427 518 519 560 sole
559 517 640 560 sub
676 516 766 573 fagi
805 517 1007 560 umbram
1046 518 1303 572 cucurrisse,
1344 518 1532 575 figurata
1568 518 1765 561 oratione
1796 515 2020 575 professus
2052 522 2265 575 quantum
2295 515 2626 560 delectationis·

428 597 514 639 sibi
546 595 762 639 adventus
794 597 951 639 amasii
984 596 1218 640 attulisset.
1266 596 1326 639 Et
1358 596 1465 640 haec
1494 597 1796 653 μεταφορικῶς
1826 595 1943 639 elata
1972 609 2051 652 per
2081 610 2129 639 se
2156 601 2358 639 constare
2379 601 2602 652 poterant:

426 673 589 718 additis
621 674 768 718 verbis
801 672 861 724 ὥς
888 672 1119 730 ὁδοιπόρος
1140 689 1201 724 τις
1222 674 1345 730 origo
1368 674 1648 731 metaphorae
1669 674 1875 732 aperitur,
1905 681 1950 717 et
1969 687 2081 732 quae
2102 672 2278 731 propria
2299 679 2401 717 sunt
2421 672 2601 717 viatoris

427 753 545 795 inter
576 752 672 795 vias
704 753 761 795 ob
793 752 1009 796 fervorem
1042 752 1149 796 solis
1181 752 1351 795 arboris
1385 752 1584 796 umbram
1606 752 1795 810 petentis
1827 766 1880 795 ea
1911 751 2111 796 videmus
2132 751 2179 796 in
2200 751 2343 810 ipsum
2364 765 2464 796 esse
2483 766 2601 796 ama-

426 840 565 873 torem
604 831 820 873 translata
856 829 999 873 reditu
1041 831 1164 887 pueri
1205 830 1441 873 desiderati
1478 830 1785 873 exhilaratum.
1838 829 2009 874 Eodem
2045 829 2175 875 modo
2207 829 2254 873 in
2286 829 2439 888 idyllia
2471 829 2601 873 tertio

426 917 621 951 extremo
642 908 877 951 formatum
899 915 967 951 est
987 907 1144 963 simile,
1168 907 1284 965 quod
1307 915 1351 951 et
1372 910 1515 965 ipsum
1538 908 1799 964 interpretes
1823 922 1975 965 parum
1996 913 2115 951 recte
2137 906 2437 966 expedierunt.
2487 904 2602 953 Cum

426 989 543 1031 enim
577 988 799 1044 caprarius
832 987 1095 1030 lamentetur

933 1065 1149 1120 κεισεῦμαι
1182 1064 1230 1106 δὲ
1263 1062 1409 1107 πεσών
1442 1067 1515 1106 καὶ
1542 1067 1606 1107 τοὶ
1638 1062 1759 1108 λύκοι
1791 1060 1877 1107 οἶδέ
1905 1066 1950 1120 μ’
1972 1064 2164 1108 ἔδονται·

934 1141 992 1193 ὡς
1021 1144 1119 1199 μέλι
1149 1160 1214 1186 τοι
1243 1143 1376 1196 γλυκὺ
1405 1145 1530 1186 τοῦτο
1562 1141 1672 1186 κατὰ
1704 1141 1920 1199 βρόχθοιο
1950 1146 2136 1196 γένοιτο,

424 1222 533 1265 haec
566 1222 673 1265 dicit
704 1238 731 1265 a
761 1222 876 1278 lupis
908 1238 979 1264 me
1012 1222 1212 1264 devorari
1244 1230 1498 1279 pergratum
1525 1223 1607 1265 tibi
1628 1222 1852 1274 acciderit,
1877 1222 1956 1265 sed
1978 1222 2082 1278 quia
2102 1237 2129 1265 a
2150 1221 2279 1265 melle
2301 1222 2421 1265 ducit
2443 1222 2599 1275 simile,

424 1303 485 1344 ita
517 1301 719 1357 loquitur,
754 1317 823 1344 me
856 1301 1010 1357 perire,
1045 1300 1128 1343 hoc
1161 1301 1241 1344 tibi
1274 1300 1400 1344 dulce
1433 1317 1510 1357 per
1541 1308 1689 1356 guttur
1721 1300 1958 1344 descendat
1985 1300 2129 1345 mellis
2151 1302 2291 1344 instar
2311 1301 2504 1344 suaviter
2524 1317 2602 1356 per

425 1386 573 1433 guttur
605 1378 849 1421 defluentis.
900 1376 1030 1430 Quod
1063 1387 1131 1420 est
1161 1386 1434 1420 contractum
1466 1378 1686 1434 quoddam
1718 1394 1856 1434 genus
1888 1379 2104 1421 enuntiati
2136 1380 2435 1435 comparativi,
2468 1380 2601 1435 idque

423 1457 510 1499 late
542 1465 662 1513 patet
695 1464 738 1498 et
769 1457 875 1499 olim
909 1457 1207 1512 compluribus
1240 1457 1468 1512 exemplis,
1503 1456 1684 1499 Pindari
1716 1457 1917 1513 inprimis
1946 1465 1989 1499 et
2011 1454 2236 1513 Aeschyli,
2261 1474 2288 1499 a
2308 1458 2435 1500 nobis
2459 1458 2601 1500 decla·

423 1542 565 1576 ratum
604 1541 684 1576 est.
749 1531 874 1586 Quae
906 1548 1024 1576 nunc
1056 1549 1143 1576 non
1175 1533 1415 1588 repetimus
1448 1533 1525 1576 sed
1558 1533 1780 1576 afferimus
1813 1533 1917 1587 alia,
1958 1534 1996 1576 si
2027 1534 2123 1576 fieri
2157 1535 2298 1590 possit
2330 1542 2377 1576 ut
2407 1550 2460 1577 ea
2489 1535 2601 1577 ratio

424 1628 555 1668 quam
595 1610 781 1655 dicimus
822 1610 1005 1654 clariore
1045 1611 1088 1654 in
1130 1610 1226 1654 luce
1265 1619 1453 1667 ponatur
1484 1621 1528 1654 et
1560 1610 1624 1654 sic
1659 1611 1719 1654 uti
1752 1627 1830 1667 par
1863 1619 1930 1654 est
1961 1610 2228 1655 aestimetur.
2281 1610 2334 1655 In
2366 1611 2601 1655 Phaedone

425 1689 623 1733 Platonis
656 1691 717 1747 (p.
744 1689 843 1744 143,
869 1689 928 1732 ‘20
947 1685 1072 1744 Sch.)
1105 1688 1214 1734 haec
1246 1689 1353 1732 dicit
1384 1686 1588 1732 Socrates
1671 1674 1673 1676 Ι

861 1766 942 1810 ἐὰν
972 1770 1053 1823 μέν
1085 1784 1123 1809 τι
1154 1765 1256 1822 ὑμῖν
1288 1767 1402 1810 δοκῶ
1434 1763 1600 1822 ὀληθὲς
1629 1766 1783 1819 λέγειν,
1816 1765 2204 1824 συνομολογήσατε,
2235 1769 2274 1811 εἰ
2294 1767 2343 1811 δὲ
2363 1766 2439 1824 μή,
2470 1771 2602 1812 παντὶ

1008 1846 1122 1905 λόγῳ
1155 1844 1419 1897 ἇντιτείνετε,
1453 1846 1570 1896 ὅπως
1600 1847 1659 1903 μὴ
1692 1845 1778 1900 ἐγώ
1809 1845 1894 1891 ὑπὸ
1928 1850 2182 1904 προθυμίας
2213 1846 2307 1904 ἅμα
2338 1846 2527 1905 ἐμαυτόν
2557 1866 2602 1892 τε

1006 1929 1078 1968 καὶ
1107 1923 1220 1982 ὑμᾶς
1241 1924 1517 1983 ἐξαπατήσας
1549 1926 1715 1980 ὥσπερ
1746 1927 1958 1982 μέλιττα
1989 1924 2043 1969 τὸ
2075 1929 2290 1982 κέντρον
2320 1927 2601 1981 ἐγκαταλι-

1006 2005 1115 2047 πών
1147 2005 1443 2061 οἰχήσομαι.

424 2084 592 2140 Nempe
627 2087 804 2138 κέντρον
835 2083 1154 2136 ἐγκαταλιπεῖν,
1188 2083 1303 2140 quod
1338 2099 1468 2140 apum
1492 2091 1570 2138 est,
1605 2098 1721 2126 nunc
1753 2083 1848 2141 ipse
1869 2083 1924 2126 de
1952 2099 1999 2127 se
2022 2084 2146 2142 ponit
2164 2081 2383 2139 Socrates,
2416 2085 2494 2128 sed
2527 2085 2600 2128 ad·
2674 2123 2677 2126 ,

425 2164 517 2206 dita
539 2164 825 2206 similitudine
859 2178 913 2206 ex
946 2177 1034 2220 qua
1066 2164 1174 2206 illud
1197 2165 1430 2220 repetitum
1463 2170 1543 2207 est.
1592 2163 1736 2219 Magis
1759 2162 1871 2205 mira
1893 2162 2029 2205 videri
2054 2169 2238 2219 possunt
2268 2162 2377 2206 haec
2403 2163 2599 2207 eiusdem

424 2241 622 2284 Platonis
656 2256 766 2298 quae
799 2249 902 2284 sunt
934 2241 980 2283 in
1015 2241 1244 2290 Πολιτείας
1276 2249 1430 2297 quarto
1463 2255 1505 2297 p.
1533 2240 1617 2284 189
1639 2239 1722 2283 Bk.

860 2318 1017 2364 οὐκοῦν
1049 2322 1130 2364 νῦν
1162 2319 1215 2376 δὴ
1247 2318 1377 2377 ἡμᾶς
1410 2320 1489 2364 δεῖ
1518 2314 1679 2375 ὥσπερ
1712 2322 1993 2376 κυνηγέτας
2025 2316 2166 2370 τινὰς
2198 2318 2406 2376 θάμνον
2438 2319 2599 2378 κύκλῳ

1005 2403 1379 2453 περιίστασθαι
1412 2403 1701 2454 προσέχοντας
1732 2398 1806 2441 τὸν
1837 2399 1944 2441 νοῦν
1973 2397 2034 2454 μή
2064 2414 2122 2455 πῃ
2153 2397 2346 2456 διαφύγῃ
2377 2398 2401 2455 ἦ
2431 2400 2599 2443 δικαιο-

1004 2477 1109 2532 σύνη
1141 2479 1213 2519 καὶ
1245 2474 1548 2532 ἀφανισθεῖσα
1580 2476 1742 2533 ἄδηλος
1771 2479 1961 2532 γένηται.

424 2556 577 2612 Neque
611 2555 727 2597 enim
760 2556 822 2597 ita
852 2555 1044 2611 loquitur
1077 2563 1123 2597 ut
1156 2555 1285 2609 dicat,
1312 2554 1697 2612 ‘quemadmodum
1729 2561 1956 2597 venatores
1978 2553 2137 2597 saltum
2171 2554 2339 2611 saepire
2371 2556 2514 2599 solent
2544 2572 2601 2600 ne

424 2633 605 2689 effugiat
634 2633 741 2688 fera,
775 2633 838 2675 sic
870 2648 951 2675 nos
973 2640 1145 2689 oportet
1166 2648 1294 2688 agere
1324 2641 1370 2675 ut
1396 2648 1527 2689 quam
1556 2633 1806 2689 quaerimus
1834 2632 2047 2674 iustitiam
2076 2631 2487 2688 deprehendamus',
2523 2634 2601 2677 sed

425 2717 564 2755 semet
586 2725 776 2768 suosque
808 2710 931 2753 iubet
954 2711 1182 2754 arbustum
1205 2711 1525 2754 circumsistere
1547 2711 1703 2768 plagis,
1739 2725 1794 2753 ne
1821 2709 2018 2766 aufugiat
2037 2709 2216 2766 iustitia,
2251 2710 2400 2755 addito
2423 2711 2600 2770 quidem

425 2796 682 2832 venatorum
737 2788 949 2845 exemplo.
1015 2789 1085 2831 Ac
1121 2787 1251 2831 facile
1289 2788 1621 2845 persentiscitur
1658 2787 1932 2831 admirabilis
1965 2787 2093 2830 huius
2132 2788 2341 2833 orationis
2379 2797 2600 2834 venustas.

424 2866 645 2910 Addimus
677 2866 783 2920 alia,
818 2865 1045 2922 Euripidis
1079 2866 1377 2922 potissimum,
1417 2867 1492 2922 qui
1525 2866 1664 2909 multa
1700 2865 1833 2909 habet
1866 2865 1949 2908 hoc
1982 2865 2109 2909 modo
2143 2866 2341 2910 formata.
2389 2867 2526 2910 Velut
2555 2868 2601 2910 in

424 2944 735 2988 Andromacha
766 2943 923 2987 Peleus
963 2957 1061 2986 cum
1095 2943 1454 2987 Andromacham
1493 2945 1686 2987 vinctam
1723 2944 1882 3001 aspicit
1920 2951 1965 2987 ut
2002 2945 2238 3001 perituram
2279 2960 2378 2988 cum
2403 2928 2507 2989 'filio
2540 2946 2603 2988 ita

423 3022 617 3080 loquitur
648 3020 775 3078 (554)

934 3100 1105 3154 πρῶτον
1135 3099 1217 3155 μὲν
1249 3096 1328 3144 οὖν
1359 3099 1470 3141 κατ’
1493 3096 1650 3155 οὖρον
1681 3099 1847 3155 ὥσπερ
1879 3098 2064 3151 ἱστίοις

932 3177 1290 3234 ἐμπνεύσομαι
1322 3178 1453 3238 τῇδ’·
1487 3178 1580 3221 εἰπὲ
1612 3181 1693 3221 τίνι
1725 3178 1820 3237 δίκῃ
1849 3182 1980 3235 χέρας

929 3253 1152 3311 βρόχοισιν
1183 3254 1438 3313 ἐκδήσαντες
1470 3255 1557 3300 οἵδ’
1590 3254 1744 3310 ἄγουσί
1774 3270 1820 3300 σε

931 3336 1003 3377 καὶ
1036 3334 1176 3377 παῖδα
1186 3355 1200 3387 ,·
