3008 3830
1405 142 1461 187 15

345 260 401 306 In
426 257 618 306 'Hecuba
646 258 923 318 Polymestor
948 260 1092 314 ,oculis
1123 261 1307 306 effossis-
1327 262 1391 306 ita
1420 262 1684 308 lamentatur
1715 261 1873 317 (1080)

851 343 916 396 πᾷ
939 339 1029 402 «στῶ
1059 342 1124 396 πᾶ
1153 339 1318 398 κάρψω
1350 341 1415 398 πᾶ
1441 342 1527 398 με,

845 419 977 469 ’ναῦς
1006 418 1146 470 ὅπως
1170 423 1403 472 ποντίοις
1433 425 1672 478 πείσμασι
1704 420 2006 477 λινόκροκον

851 499 1017 555 φᾶρος
1048 498 1285 550 στέλλων,
1315 499 1388 543 ἐπὶ
1418 498 1549 544 τάνδε
1580 502 1731 550 συθείς

852 577 1013 619 τέκνων
1041 576 1161 631 ἐμῶν’
1189 575 1338 633 φύλαξ
1508 592 1511 594 ·

854 648 1061 709 ὀλέθριον
1090 657 1259 705 witam

347 732 393 774 in
415 731 576 789 quibus
595 743 861 794 qumquam
882 731 1050 789 aliquid
1070 732 1264 789 ambigui
1285 739 1354 776 est
1374 739 1418 776 et
1443 733 1628 776 fortasse
1650 733 1887 788 depravati,
1921 734 2003 776 hoc
2025 735 2304 778 manifestum
2325 735 2508 788 videtur,

347 809 455 853 haec
482 811 591 859 ναῦς
616 806 735 859 οπως
755 806 944 859 ποντίοις
965 814 1169 863 πείσμασι
1189 809 1442 865 λινόκροκον
1461 813 1605 868 φᾶρος
1625 813 1812 855 στέλλων
1840 820 1884 854 et
1904 828 2034 855 unam
2056 812 2228 856 efficere
2250 815 2511 857 sententiam

347 896 391 932 et
421 888 505 932 hoc
536 888 653 947 quod
685 889 813 933 navis
844 898 912 933 est
943 889 1288 947 Polymestorem
1318 890 1372 934 de
1404 906 1451 934 se
1483 891 1561 934 sed
1594 890 1745 935 addita
1777 890 2065 935 similitudine
2098 893 2387 949 pronuntiare,
2422 909 2510 936 non

347 969 472 1011 secus
504 981 556 1011 ac
587 966 745 1011 Peleus
776 967 823 1011 in
854 967 1180 1012 Andromacha.
1228 967 1401 1012 Helena
1432 970 1479 1013 in
1511 969 1770 1027 cognomine
1801 968 1950 1013 fabula
1982 984 2080 1013 cum
2113 969 2220 1014 dicit
2250 969 2376 1025 (262)

852 1048 977 1101 τέρας
1006 1046 1091 1100 γὰρ
1123 1044 1148 1089 ὁ
1178 1049 1271 1101 βίος
1303 1050 1376 1089 καὶ
1406 1046 1459 1089 τὰ
1493 1046 1717 1102 πράγματ’
1748 1048 1837 1090 έστί
1865 1063 1961 1103 μοι,

852 1122 906 1167 τὰ
936 1124 1018 1179 μὲν
1048 1123 1110 1167 δι’
1132 1123 1289 1179 Ἦραν,
1320 1123 1452 1168 τὰδὲ
1483 1123 1531 1169 τὸ
1563 1123 1722 1175 κάλλος
1754 1128 1912 1169 αἴτιον·

850 1203 945 1246 εἴθ’
975 1201 1431 1259 έξαλειφθετσ“’ὠς
1462 1202 1651 1258 ἄγαλμ’
1683 1200 1819 1254 αὖθις
1851 1204 1983 1247 πάλιν

851 1285 1021 1337 αἴσχιον
1051 1282 1167 1333 εῘδος
1197 1278 1295 1327 ἀντὶ
1325 1283 1401 1327 τοῦ
1430 1283 1566 1329 καλοῦ
1583 1282 1744 1339 ’λαβον

347 1369 486 1404 semet
506 1362 723 1417 extergeri
746 1362 866 1418 cupit
886 1370 1110 1419 tamquam
1132 1362 1347 1419 picturam
1369 1370 1416 1406 ut
1437 1363 1674 1420 turpiorem
1697 1378 1776 1420 pro
1805 1361 1988 1419 pulchra
2010 1362 2199 1419 speciem
2223 1362 2511 1407 nanciscatur.

347 1436 603 1496 Supplicum
637 1438 796 1483 chorus
828 1439 891 1483 ita
922 1440 1041 1484 canit
1071 1438 1125 1484 de
1157 1456 1205 1485 se
1236 1436 1365 1495 (961)

853 1516 1044 1576 δυσαίων
1075 1516 1120 1560 δ’
1143 1515 1167 1560 ὃ
1196 1519 1316 1570 βίος,

855 1593 1092 1647 πλαγκτὰ
1123 1595 1163 1638 δ’
1195 1591 1314 1638 ωσεί
1345 1609 1418 1645 τις
1449 1594 1643 1651 νεφέλα

853 1670 1159 1727 πνευμάτων
1190 1670 1286 1717 ὑπὸ
1318 1672 1577 1729 δυσχίμων
1607 1668 1787 1723 ἀίσσω,

347 1763 458 1805 quae
486 1748 614 1791 facile
644 1755 846 1806 poterant
867 1750 1082 1805 integram
1103 1749 1444 1806 comparationis
1466 1749 1651 1792 formam
1673 1749 1866 1804 induere,
1902 1749 2021 1791 velut
2052 1747 2110 1798 ὥς
2133 1765 2178 1791 π.
2201 1751 2361 1804 νεφέλα
2383 1765 2515 1792 πνευ-

345 1827 497 1884 μάτων
528 1827 613 1873 ὑπὸ
648 1829 866 1884 δυσχίμων
897 1825 1050 1879 ἀίσσει,
1082 1828 1146 1872 sic
1177 1843 1259 1885 ego
1291 1828 1481 1873 miseriis
1516 1836 1673 1872 vexata
1704 1843 1858 1885 vagor3
1892 1843 2009 1871 nunc
2040 1826 2118 1870 illa
2140 1834 2363 1871 contracta
2383 1843 2514 1885 quam

349 1907 534 1951 dicimus
555 1907 727 1951 ratione
751 1906 908 1951 chorus
930 1922 1041 1964 quae
1068 1907 1198 1950 nubis
1221 1915 1324 1950 sunt
1345 1907 1391 1950 in
1420 1921 1467 1951 se
1496 1907 1731 1951 transtulit.
1772 1907 1825 1949 In
1848 1906 2033 1950 Troasin
2055 1905 2367 1950 Andromacha
2387 1904 2514 1962 (750)

852 1983 888 2029 ὦ
919 1996 1020 2036 παῖ,
1053 1985 1251 2041 δακρύεις
1258 2007 1272 2038 ,-

851 2068 890 2108 τί
919 2081 1005 2121 μου
1035 2065 1245 2120 δέδραξαι
1275 2067 1393 2121 χερσὶ
1423 2062 1618 2118 κάντέχει
1649 2066 1840 2115 πέπλων,

852 2142 1061 2193 νεοσσὸς
1093 2142 1210 2186 ὡσεὶ
1242 2146 1496 2198 πτέρυγας
1526 2145 1799 2186 εἰσπίτνων
1830 2141 1978 2198 ἐμάς,

347 2235 475 2278 quam
516 2221 883 2278 comparationem
922 2221 1094 2279 plenius
1133 2221 1258 2264 effert
1288 2221 1468 2278 Megara
1499 2222 1543 2263 in
1578 2220 1769 2263 Hercule
1804 2223 1855 2262 71
1883 2235 1946 2277 sq.
1995 2220 2065 2262 Ex
2101 2219 2333 2262 Plutarcho
2377 2235 2515 2277 pauca

347 2299 400 2342 de
433 2299 582 2344 multis
617 2315 728 2358 quae
761 2299 893 2344 habet
924 2300 1086 2344 similia
1117 2300 1372 2358 selegimus:
1392 2299 1460 2342 >de
1493 2298 1663 2342 defectu
1695 2313 1808 2341 orac.
1833 2313 1869 2341 c.
1895 2299 1922 2342 8
1955 2314 1996 2356 p.
2019 2299 2149 2341 414c

780 2377 891 2421 οὕτω
922 2377 1017 2421 τότε
1048 2380 1239 2422 πλείοσιν
1274 2379 1423 2434 ἐχρῆτο
1460 2386 1630 2434 φωναῖς
1666 2379 1773 2432 πρὸς
1808 2380 2011 2426 πλείονας
2042 2376 2067 2433 ἡ
2098 2378 2304 2432 μαντική,
2351 2379 2432 2420 νῦν
2467 2380 2514 2420 δὲ

924 2454 1178 2501 τούναντίον
1205 2457 1293 2500 ἔδει
1330 2455 1574 2511 θαυμάζειν
1610 2455 1686 2498 τὸν
1719 2453 1851 2505 θεόν,
1885 2457 1923 2498 εἰ
1957 2454 2170 2511 περιεώρα
2200 2455 2276 2511 τήν
2302 2456 2515 2512 μαντικὴν

923 2531 1184 2590 ἀχρήστως
1201 2535 1347 2592 δίκην
1363 2534 1552 2584 ὓδατος
1568 2531 1933 2588 ἀπορρέουσαν
1951 2534 1974 2589 ἢ
1989 2532 2232 2589 καθάπερ
2255 2533 2309 2577 αἳ
2331 2537 2516 2589 πέτραι

926 2617 1186 2665 ποιμένων
1213 2614 1267 2656 ἐν
1288 2614 1473 2668 ἐρημίᾳ
1494 2613 1579 2654 καὶ
1599 2609 1935 2667 βοσκημάτων
1958 2620 2156 2666 φωναῖς
2176 2608 2514 2667 ἀντηχοῦσαν.

346 2689 445 2733 Duo
477 2689 602 2747 ponit
633 2690 851 2748 exempla,
886 2705 1069 2748 quorum
1101 2690 1183 2734 hoc
1215 2690 1412 2745 alterum,
1447 2689 1562 2748 quod
1595 2688 1670 2746 τὴν
1700 2688 1907 2746 μαντικὴν
1938 2689 2080 2746 ipsam
2113 2696 2160 2732 ut
2198 2705 2306 2734 saxa
2336 2690 2381 2733 in
2416 2690 2517 2734 soli-

344 2767 496 2811 tudine
527 2776 759 2825 pastorum
791 2775 834 2811 et
865 2768 1034 2825 pecoris
1069 2768 1249 2812 vocibus
1281 2774 1557 2811 resonantem
1592 2767 1794 2825 appellat,
1828 2766 2036 2810 audacius
2059 2767 2271 2823 videatur,
2307 2768 2385 2811 sed
2405 2770 2516 2811 ratio

347 2845 519 2888 dicendi
554 2845 708 2889 eadem
742 2853 822 2889 est.
871 2844 1152 2903 Simpliciora
1183 2854 1286 2889 sunt
1316 2846 1436 2900 haec,
1472 2845 1525 2888 de
1558 2833 1700 2888 cohib.
1722 2845 1788 2887 ira
1809 2860 1846 2887 c,
1867 2846 1925 2888 10
1945 2860 1986 2901 p.
2004 2845 2094 2888 458
2112 2845 2140 2887 d

781 2925 855 2967 καὶ
876 2923 984 2979 πρὸς
1004 2922 1180 2982 ἄμυναν
1200 2922 1294 2980 ἅμα
1316 2923 1489 2968 σκοπῶν
1509 2922 1586 2967 τὸν
1607 2923 1661 2966 δι’
1684 2919 1813 2979 ὄργῆς
1833 2920 1996 2980 τρόπον
2016 2922 2242 2979 ἄπρακτον
2262 2922 2440 2980 εὑρίσκω
2463 2923 2516 2967 τοὶ

925 3001 1087 3054 πολλά,
1117 3001 1308 3059 δήγμασι
1336 3003 1492 3057 χειλῶν
1522 3003 1595 3043 καὶ
1627 3005 1819 3057 πρίσεσιν
1850 2998 2045 3044 ὀδόντων
2075 3004 2149 3044 καὶ
2174 3011 2319 3051 nevam·
2340 3003 2517 3058 ἐπιδρο-

922 3087 1027 3136 ματς
1038 3083 1111 3124 καὶ
1122 3082 1419 3138 βλασφημίαις
1434 3077 1618 3129 ἀπειλὰς
1633 3076 1843 3136 ἀνοήτους
1859 3078 2059 3134 ἐχούσαις
2075 3080 2517 3137 καταναλισκόμενον,

923 3160 1027 3201 εἶθ’
1049 3157 1217 3213 ὥσπερ
1244 3158 1300 3201 έν
1328 3165 1435 3207 τοϊς
1462 3155 1673 3213 δρόμοις
1699 3155 1761 3200 τὰ
1787 3157 1978 3200 παιδία
2005 3159 2069 3216 τῷ
2090 3156 2154 3214 μὴ
2175 3167 2381 3213 κρατεῒν
2400 3159 2517 3202 ἑαυ-

921 3237 1019 3278 τῶν
1051 3238 1542 3290 προκαταπίπτοντα
1571 3235 1657 3278 τοῦ
1676 3234 1852 3285 τέλους
1883 3235 1964 3292 ἐφ’
1986 3234 2011 3278 ὃ
2042 3233 2255 3278 σπεύδει
2284 3237 2511 3288 γελοίως,

343 3311 412 3356 De
443 3313 702 3358 curiositate
734 3328 771 3357 c.
794 3313 823 3358 9
844 3328 885 3371 p.
909 3313 998 3357 519
1016 3312 1044 3356 d
