3008 3830
1510 157 1565 199 18

447 277 550 320 Non
587 277 837 334 quaerimus
877 291 1010 334 quam
1042 283 1142 334 apte
1175 276 1479 334 supplementa
1515 275 1770 320 formaverit
1807 275 1875 319 vir
1912 274 2069 319 doctus
2109 281 2185 319 aut
2221 274 2305 318 hoc
2343 273 2621 332 potissimum

447 354 545 399 loco
573 354 899 413 interposuerit,
928 353 1006 399 sed
1028 353 1112 399 hoc
1140 353 1339 410 dicimus,
1364 361 1412 398 ut
1433 361 1548 411 ante,
1577 353 1688 398 nihil
1716 352 1956 398 desiderari
1983 352 2062 398 sed
2089 359 2264 411 poetam
2284 366 2397 411 quae
2418 351 2474 397 de
2493 351 2621 397 leone

447 433 622 491 proprie
666 433 874 477 extulerit
912 431 1064 477 eadem
1103 432 1295 477 voluisse
1341 432 1528 489 intelligi
1567 432 1622 477 de
1660 431 1865 488 Plutone,
1904 431 1978 476 ille
2012 430 2128 476 velut
2165 446 2262 476 eum
2298 430 2362 476 leo
2398 432 2622 475 &veneant

445 512 638 569 possedit
667 519 707 555 et
737 511 971 555 dilaniavit
999 519 1085 555 etat
1115 513 1256 568 turpis
1282 513 1403 554 sanie
1429 519 1468 555 et
1488 519 1719 569 pactorum
1746 511 1930 568 deepicit
1952 511 2069 562 irae,-
2099 508 2146 553 id
2172 509 2290 568 quod
2316 523 2399 554 nec
2426 509 2619 567 ineptius

448 604 531 633 nec
567 589 777 634 audacius
816 588 955 633 videri
995 596 1140 647 potest
1178 603 1308 646 quam
1347 588 1486 633 multa
1522 603 1673 633 eorum
1714 603 1826 646 quae
1857 603 1991 646 supra
2020 586 2290 645 collegimus.
2361 585 2452 650 Qui
2482 600 2622 645 nuper

449 658 686 712 Claudiani
718 667 914 712 carmina
945 683 971 711 a
1002 682 1050 711 se
1082 667 1309 723 recognita
1339 665 1491 722 edidit,
1526 665 1784 711 Theodorus
1805 665 1969 722 Birtus,
2005 680 2105 710 cum
2137 680 2218 710 nos
2240 680 2329 710 non
2351 673 2469 710 recte
2491 665 2546 710 de
2568 679 2620 709 eo

447 745 545 788 loco
578 745 798 789 iudicasse
829 743 1114 802 praedicaret,
1150 743 1257 786 haec
1284 742 1513 787 adnotavit
1535 741 1878 802 ‘agnoscendam
1906 742 2190 787 artificiosam
2215 742 2261 787 in
2289 742 2359 787 his
2389 742 2621 788 verborum

449 823 781 867 collocationem
807 823 881 866 ille
906 822 1019 866 velut
1046 822 1109 866 leo
1139 817 1273 879 [fuit]
1298 837 1393 865 cum
1418 823 1644 866 iuvencam
1667 823 1859 881 possedit
1886 836 2000 880 eqs.3
2032 828 2076 866 et
2104 836 2281 880 prorsus
2314 821 2468 866 eodem
2489 821 2619 866 modo

447 902 726 961 Propertium
758 903 800 958 2,
823 902 865 958 2,
890 901 915 945 7
949 902 1108 945 incedit
1138 901 1205 944 vel
1239 901 1337 944 Iove
1367 902 1503 958 diyna
1533 916 1658 945 soror
1693 902 1786 945 Aut
1821 914 1914 945 eum
1946 901 2178 945 Dulichiae
2214 901 2367 944 Pallae
2404 902 2622 960 spatiatur

447 984 507 1026 ad
544 998 668 1035 ara83
707 982 792 1026 hoc
829 997 926 1026 esse
959 981 1076 1025 enim
1108 989 1183 1024 aut
1214 981 1328 1024 velut
1357 980 1515 1024 Pallae
1546 996 1642 1025 cum
1672 983 1890 1040 spatiatur
1921 977 2027 1039 eqs?
2077 979 2145 1025 De
2176 980 2247 1025 his
2278 979 2384 1039 quid
2415 980 2490 1024 alii
2523 995 2619 1025 sen·

448 1062 586 1104 serint
616 1060 858 1114 nescimus,
892 1059 979 1102 nisi
1011 1058 1127 1116 quod
1159 1058 1242 1101 Iul.
1275 1057 1474 1102 Kochius
1513 1058 1655 1102 denuo
1695 1057 1939 1103 Claudiano
1976 1058 2093 1102 edito
2133 1073 2234 1102 cum
2273 1058 2555 1102 distinctione
2595 1074 2622 1102 a

447 1138 572 1180 Birto
595 1137 793 1180 adhibita
815 1136 997 1179 eandem
1023 1150 1121 1178 cum
1146 1151 1196 1178 eo
1219 1136 1468 1192 explicandi
1491 1137 1706 1179 rationem
1735 1144 1909 1180 secutus
1931 1136 2116 1179 videtur.
2170 1136 2311 1180 Nobis
2338 1136 2413 1180 ille
2440 1136 2620 1180 minime

447 1215 677 1273 persuasit,
712 1229 763 1258 ac
786 1214 839 1257 de
862 1214 1099 1257 artificiosa
1122 1213 1354 1256 verborum
1375 1213 1663 1258 collocatione
1685 1228 1795 1272 quae
1818 1213 1945 1258 affert
1970 1228 2024 1258 ne
2052 1229 2182 1272 quem
2210 1214 2356 1273 specie
2384 1213 2618 1273 decipiant,

449 1295 530 1339 hoc
568 1294 858 1353 reputandum
896 1302 980 1350 est,
1021 1301 1192 1352 poetas,
1233 1301 1279 1336 ut
1316 1294 1460 1338 solent
1498 1309 1597 1338 raro
1639 1309 1724 1338 uno
1770 1293 1945 1352 defungi
2000 1294 2200 1352 exemplo
2245 1293 2322 1338 sed
2365 1294 2620 1353 plerumque

448 1375 651 1431 copulare
675 1373 774 1428 duo,
798 1374 982 1416 alterum
1006 1373 1211 1416 liberiore
1235 1373 1424 1429 quodam
1447 1373 1577 1415 modo
1601 1374 1812 1430 superiori
1837 1373 2068 1416 adnectere
2089 1388 2168 1431 per
2189 1382 2265 1416 aut
2291 1389 2386 1416 cum
2412 1372 2470 1428 (et
2491 1371 2618 1429 cum),

446 1460 523 1495 aut
552 1451 628 1494 ubi
657 1450 907 1510 particulas,
941 1450 1004 1494 ita
1036 1449 1225 1508 quidem,
1267 1457 1313 1494 ut
1344 1465 1609 1508 quamquam
1651 1450 1722 1494 hic
1758 1450 1850 1495 illic
1891 1451 2033 1509 possis
2071 1451 2116 1495 in
2150 1466 2248 1496 eum
2281 1451 2458 1496 modum
2490 1467 2620 1509 quem

446 1531 596 1575 Birtus
635 1530 801 1574 indicat
833 1530 968 1573 verba
1004 1536 1309 1587 transponere,
1362 1530 1443 1573 hoc
1481 1529 1579 1573 aliis
1618 1545 1699 1574 nec
1737 1530 1867 1574 liceat
1905 1538 1948 1574 et
1985 1546 2199 1589 nusquam
2240 1530 2430 1576 voluisse
2469 1538 2620 1589 poetas

446 1609 674 1666 probabile
708 1609 778 1651 sit.
844 1607 1033 1651 Ovidius
1066 1622 1164 1650 cum
1198 1607 1356 1650 scribit
1388 1607 1493 1651 Met.
1520 1608 1559 1662 7,
1586 1609 1673 1652 104

882 1700 972 1727 ecce
1003 1686 1272 1727 adamanteis
1315 1685 1550 1727 Vulcanum
1580 1686 1760 1728 naribus
1791 1687 1939 1742 efflant

887 1765 1108 1819 aeripedes
1140 1765 1270 1818 tam-i,
1305 1772 1524 1819 tactaeque
1555 1765 1789 1820 vaporibus
1822 1764 1975 1806 herbae

882 1842 1050 1894 ardent,
1083 1850 1213 1897 utque
1244 1842 1380 1883 solent
1407 1842 1530 1897 pleni
1557 1857 1759 1884 resonare
1790 1845 1963 1895 camini,

881 1927 969 1962 aut
1000 1917 1089 1962 ubi
1120 1927 1323 1962 terrena
1355 1919 1530 1963 cilices
1549 1920 1774 1975 fornace
1804 1921 1964 1963 soluti

883 1999 1184 2054 concipiunt
1213 1999 1379 2053 iqnem
1412 1998 1731 2054 liquidarum
1762 2001 2038 2056 aeperqine
2068 2015 2336 2056 aquarum,

874 2083 1090 2132 pectora
1123 2077 1197 2118 sic
1227 2077 1369 2118 intus
1401 2075 1604 2118 clausae
1636 2077 1897 2119 volventia
1916 2078 2167 2133 flammae

879 2161 1195 2209 yutturaque
1226 2161 1340 2195 ueta
1370 2161 1556 2195 sonant

450 2232 517 2274 vel
551 2231 772 2287 Hauptius
810 2230 993 2273 adnotat
1030 2231 1279 2273 liberiorem
1320 2239 1581 2274 structuram
1616 2233 1660 2274 in
1694 2233 1830 2274 altero
1864 2233 2063 2289 exemplo
2098 2235 2381 2277 accuratioris
2419 2234 2515 2276 loco
2547 2235 2621 2277 ad·

447 2309 633 2353 hibitam
665 2317 741 2351 aut
771 2317 817 2351 ut
848 2308 989 2351 silices
1019 2323 1221 2351 resonare
1251 2308 1397 2363 solent,
1431 2309 1509 2351 ubi
1538 2325 1651 2366 eqs.;
1694 2318 1740 2352 ut
1778 2318 1924 2352 tamen
1965 2311 2143 2354 concedi
2184 2319 2381 2369 oporteat
2412 2309 2622 2355 Ovidium

447 2388 530 2431 hoc
561 2387 747 2431 alterum
779 2386 923 2430 simile
957 2386 1084 2430 aliter
1117 2387 1369 2444 concepisse
1404 2403 1483 2430 nec
1515 2403 1562 2430 se
1596 2387 1708 2431 velle
1742 2387 1797 2430 ad
1837 2388 1968 2432 istam
2007 2390 2319 2434 accuratiorem
2358 2398 2622 2435 structuram

447 2465 562 2523 adigi
597 2465 798 2509 invitum.
858 2461 1072 2508 Similiter
1105 2464 1357 2521 Lygdamus
1390 2463 1569 2520 (Tibull.
1596 2464 1655 2520 3),
1689 2467 1731 2521 4,
1767 2467 1825 2510 29

883 2544 1047 2586 candor
1078 2552 1170 2586 erat
1202 2544 1371 2601 qualem
1398 2544 1597 2602 praefert
1628 2544 1817 2589 Latonia
1848 2545 1990 2602 Luna,

957 2630 995 2665 et
1026 2623 1142 2665 color
1172 2624 1218 2664 in
1249 2619 1371 2665 niveo
1405 2638 1584 2680 corpore
1613 2639 1876 2682 purpureus,

883 2708 930 2743 ut
960 2702 1108 2743 iuveni
1134 2702 1327 2758 primum
1356 2703 1480 2758 viryo
1514 2703 1695 2745 deducta
1716 2705 1882 2746 -mam'to

955 2779 1146 2834 inficitur
1177 2788 1343 2822 tenerae
1375 2795 1447 2823 ore
1478 2781 1653 2824 rubente
1681 2797 1830 2838 yenae,

883 2865 927 2900 et
959 2873 1065 2900 cum
1097 2867 1370 2902 contexunt
1401 2861 1688 2903 amarantie
1721 2860 1839 2904 alba
1867 2861 2074 2918 puellae

956 2938 1075 2981 lilia
1108 2947 1151 2981 et
1183 2947 1421 2982 autumno
1456 2940 1679 2982 eandida
1710 2940 1844 2982 mala
1874 2940 2065 2983 rubent.

445 3017 670 3073 Vergilius
704 3018 815 3059 Aen.
854 3017 922 3072 12,
957 3017 1013 3061 67

882 3095 1042 3139 Indum
1073 3099 1310 3154 sanquineo
1342 3097 1474 3140 veluti
1503 3098 1728 3141 violaverit
1759 3106 1872 3141 ostro

881 3176 922 3215 ei
954 3176 1051 3232 quis
1084 3174 1198 3230 ebur,
1233 3183 1320 3217 aut
1350 3177 1511 3218 mixta
1542 3176 1723 3219 rubent
1753 3176 1841 3219 ubi
1871 3176 1990 3220 lilia
2022 3177 2179 3220 multa

881 3252 998 3294 alba
1031 3267 1171 3306 rosa,
1205 3253 1309 3295 tales
1340 3255 1463 3310 viv-90
1496 3253 1628 3296 dabat
1660 3269 1731 3297 ore
1763 3255 1936 3297 colores.

445 3331 559 3372 Aen.
598 3330 635 3382 1,
670 3329 758 3371 589
