<?xml version="1.0" encoding="UTF-8"?>
<!DOCTYPE html PUBLIC "-//W3C//DTD XHTML 1.0 Transitional//EN"
    "http://www.w3.org/TR/xhtml1/DTD/xhtml1-transitional.dtd">
<html xmlns="http://www.w3.org/1999/xhtml" xml:lang="en" lang="en">
 <head>
  <title>
</title>
<meta http-equiv="Content-Type" content="text/html;charset=utf-8" />
  <meta name='ocr-system' content='tesseract 3.04.00' />
  <meta name='ocr-capabilities' content='ocr_page ocr_carea ocr_par ocr_line ocrx_word'/>
</head>
<body>
  <div class='ocr_page' id='page_1' title='image "4766198_0028.png"; bbox 0 0 3008 3830; ppageno 0'>
   <div class='ocr_carea' id='block_1_1' title="bbox 1498 138 1557 184">
    <p class='ocr_par' dir='ltr' id='par_1_1' title="bbox 1498 138 1557 184">
     <span class='ocr_line' id='line_1_1' title="bbox 1498 138 1557 184; baseline 0 0"><span class='ocrx_word' id='word_1_1' title='bbox 1498 138 1557 184; x_wconf 75' lang='lat'><strong><em>20</em></strong></span> 
     </span>
    </p>
   </div>
   <div class='ocr_carea' id='block_1_2' title="bbox 873 262 2032 554">
    <p class='ocr_par' dir='ltr' id='par_1_2' title="bbox 873 262 1897 320">
     <span class='ocr_line' id='line_1_2' title="bbox 873 262 1897 320; baseline -0.001 -14"><span class='ocrx_word' id='word_1_2' title='bbox 873 263 940 306; x_wconf 79' lang='lat' dir='ltr'><strong><em>his</em></strong></span> <span class='ocrx_word' id='word_1_3' title='bbox 971 264 1119 320; x_wconf 76' lang='lat' dir='ltr'><strong><em>ayitur</em></strong></span> <span class='ocrx_word' id='word_1_4' title='bbox 1137 262 1282 319; x_wconf 62' lang='lat' dir='ltr'><strong><em>furiis</em></strong></span> <span class='ocrx_word' id='word_1_5' title='bbox 1313 270 1484 319; x_wconf 77' lang='lat' dir='ltr'><strong><em>totoque</em></strong></span> <span class='ocrx_word' id='word_1_6' title='bbox 1513 262 1705 305; x_wconf 81' lang='lat' dir='ltr'><strong><em>ardentis</em></strong></span> <span class='ocrx_word' id='word_1_7' title='bbox 1737 262 1791 305; x_wconf 84' lang='lat' dir='ltr'><strong><em>ab</em></strong></span> <span class='ocrx_word' id='word_1_8' title='bbox 1824 277 1897 306; x_wconf 87' lang='lat' dir='ltr'><strong><em>ore</em></strong></span> 
     </span>
    </p>

    <p class='ocr_par' dir='ltr' id='par_1_3' title="bbox 873 338 2032 554">
     <span class='ocr_line' id='line_1_3' title="bbox 873 338 2032 398; baseline 0 -14"><span class='ocrx_word' id='word_1_9' title='bbox 873 340 1088 385; x_wconf 82' lang='lat' dir='ltr'><strong><em>scintillae</em></strong></span> <span class='ocrx_word' id='word_1_10' title='bbox 1118 339 1341 395; x_wconf 76' lang='lat' dir='ltr'><strong><em>absistunt,</em></strong></span> <span class='ocrx_word' id='word_1_11' title='bbox 1375 338 1509 384; x_wconf 74' lang='lat' dir='ltr'><strong><em>oculis</em></strong></span> <span class='ocrx_word' id='word_1_12' title='bbox 1539 340 1671 385; x_wconf 86' lang='lat' dir='ltr'><strong><em>micat</em></strong></span> <span class='ocrx_word' id='word_1_13' title='bbox 1700 338 1873 386; x_wconf 81' lang='lat' dir='ltr'><strong><em>acribus</em></strong></span> <span class='ocrx_word' id='word_1_14' title='bbox 1904 340 2032 398; x_wconf 71' lang='grc' dir='ltr'><strong><em>ι’ρηὺ,</em></strong></span> 
     </span>
     <span class='ocr_line' id='line_1_4' title="bbox 874 417 2029 478; baseline -0.003 -15"><span class='ocrx_word' id='word_1_15' title='bbox 874 421 1061 478; x_wconf 74' lang='lat' dir='ltr'><strong><em>muyitus</em></strong></span> <span class='ocrx_word' id='word_1_16' title='bbox 1092 418 1255 462; x_wconf 81' lang='lat' dir='ltr'><strong><em>veluti</em></strong></span> <span class='ocrx_word' id='word_1_17' title='bbox 1285 433 1392 462; x_wconf 75' lang='lat' dir='ltr'><strong><em>cum</em></strong></span> <span class='ocrx_word' id='word_1_18' title='bbox 1417 420 1568 478; x_wconf 78' lang='lat' dir='ltr'><strong><em>pn‘ma</em></strong></span> <span class='ocrx_word' id='word_1_19' title='bbox 1598 421 1648 461; x_wconf 76' lang='lat' dir='ltr'><strong><em>in</em></strong></span> <span class='ocrx_word' id='word_1_20' title='bbox 1676 417 1847 477; x_wconf 81' lang='lat' dir='ltr'><strong><em>proelia</em></strong></span> <span class='ocrx_word' id='word_1_21' title='bbox 1879 427 2029 462; x_wconf 76' lang='lat' dir='ltr'><strong><em>taurus</em></strong></span> 
     </span>
     <span class='ocr_line' id='line_1_5' title="bbox 873 498 2014 554; baseline 0 -14"><span class='ocrx_word' id='word_1_22' title='bbox 873 498 1079 553; x_wconf 69' lang='lat' dir='ltr'><strong><em>terrificos</em></strong></span> <span class='ocrx_word' id='word_1_23' title='bbox 1111 499 1191 540; x_wconf 82' lang='lat' dir='ltr'><strong><em>ciet</em></strong></span> <span class='ocrx_word' id='word_1_24' title='bbox 1221 506 1348 554; x_wconf 85' lang='lat' dir='ltr'><strong><em>atque</em></strong></span> <span class='ocrx_word' id='word_1_25' title='bbox 1378 498 1515 540; x_wconf 79' lang='lat' dir='ltr'><strong><em>irasci</em></strong></span> <span class='ocrx_word' id='word_1_26' title='bbox 1542 498 1591 540; x_wconf 77' lang='lat' dir='ltr'><strong><em>in</em></strong></span> <span class='ocrx_word' id='word_1_27' title='bbox 1622 511 1786 541; x_wconf 74' lang='lat' dir='ltr'><strong><em>cornua</em></strong></span> <span class='ocrx_word' id='word_1_28' title='bbox 1817 504 2014 554; x_wconf 81' lang='lat' dir='ltr'><strong><em>temptat3</em></strong></span> 
     </span>
    </p>
   </div>
   <div class='ocr_carea' id='block_1_3' title="bbox 433 573 2616 3365">
    <p class='ocr_par' dir='ltr' id='par_1_4' title="bbox 433 573 2616 3365">
     <span class='ocr_line' id='line_1_6' title="bbox 438 573 982 629; baseline 0 -11"><span class='ocrx_word' id='word_1_29' title='bbox 438 577 509 618; x_wconf 87' lang='lat' dir='ltr'><strong><em>vel</em></strong></span> <span class='ocrx_word' id='word_1_30' title='bbox 543 573 814 619; x_wconf 81' lang='lat' dir='ltr'><strong>Claudianus</strong></span> <span class='ocrx_word' id='word_1_31' title='bbox 847 577 888 629; x_wconf 79' lang='grc' dir='ltr'><strong><em>ὃ,</em></strong></span> <span class='ocrx_word' id='word_1_32' title='bbox 924 575 982 618; x_wconf 76' lang='grc'><strong><em>22</em></strong></span> 
     </span>
     <span class='ocr_line' id='line_1_7' title="bbox 875 651 1953 708; baseline 0 -14"><span class='ocrx_word' id='word_1_33' title='bbox 875 651 979 694; x_wconf 74' lang='lat' dir='ltr'><strong><em>haec</em></strong></span> <span class='ocrx_word' id='word_1_34' title='bbox 998 651 1144 708; x_wconf 88' lang='lat' dir='ltr'><strong><em>satus,</em></strong></span> <span class='ocrx_word' id='word_1_35' title='bbox 1177 652 1311 694; x_wconf 74' lang='lat' dir='ltr'><strong><em>ventis</em></strong></span> <span class='ocrx_word' id='word_1_36' title='bbox 1343 651 1505 694; x_wconf 84' lang='lat' dir='ltr'><strong><em>veluti</em></strong></span> <span class='ocrx_word' id='word_1_37' title='bbox 1534 652 1581 694; x_wconf 80' lang='lat' dir='ltr'><strong><em>si</em></strong></span> <span class='ocrx_word' id='word_1_38' title='bbox 1597 651 1738 708; x_wconf 83' lang='lat' dir='ltr'><strong><em>frena</em></strong></span> <span class='ocrx_word' id='word_1_39' title='bbox 1768 651 1953 695; x_wconf 82' lang='lat' dir='ltr'><strong><em>resolvat</em></strong></span> 
     </span>
     <span class='ocr_line' id='line_1_8' title="bbox 872 728 1846 786; baseline -0.001 -15"><span class='ocrx_word' id='word_1_40' title='bbox 872 729 1046 783; x_wconf 82' lang='lat' dir='ltr'><strong><em>Aeolus,</em></strong></span> <span class='ocrx_word' id='word_1_41' title='bbox 1079 729 1265 786; x_wconf 84' lang='lat' dir='ltr'><strong><em>abrupto</em></strong></span> <span class='ocrx_word' id='word_1_42' title='bbox 1293 737 1439 786; x_wconf 65' lang='grc' dir='ltr'><strong><em>ρωποι</em></strong></span> <span class='ocrx_word' id='word_1_43' title='bbox 1470 730 1533 771; x_wconf 82' lang='lat' dir='ltr'><strong><em>sic</em></strong></span> <span class='ocrx_word' id='word_1_44' title='bbox 1565 729 1699 771; x_wconf 80' lang='lat' dir='ltr'><strong><em>obiice</em></strong></span> <span class='ocrx_word' id='word_1_45' title='bbox 1731 728 1846 771; x_wconf 72' lang='lat' dir='ltr'><strong><em>fudit</em></strong></span> 
     </span>
     <span class='ocr_line' id='line_1_9' title="bbox 874 806 1441 863; baseline 0.002 -15"><span class='ocrx_word' id='word_1_46' title='bbox 874 806 1121 863; x_wconf 69' lang='lat' dir='ltr'><strong><em>laxavitque</em></strong></span> <span class='ocrx_word' id='word_1_47' title='bbox 1151 807 1268 849; x_wconf 83' lang='lat' dir='ltr'><strong><em>viam</em></strong></span> <span class='ocrx_word' id='word_1_48' title='bbox 1299 806 1441 858; x_wconf 80' lang='lat' dir='ltr'><strong><em>bellis,-</em></strong></span> 
     </span>
     <span class='ocr_line' id='line_1_10' title="bbox 438 882 1347 942; baseline 0.001 -14"><span class='ocrx_word' id='word_1_49' title='bbox 438 885 554 929; x_wconf 89' lang='lat' dir='ltr'><strong><em>idem</em></strong></span> <span class='ocrx_word' id='word_1_50' title='bbox 589 882 735 930; x_wconf 88' lang='lat' dir='ltr'><strong><em>Carm.</em></strong></span> <span class='ocrx_word' id='word_1_51' title='bbox 760 886 864 929; x_wconf 90' lang='lat' dir='ltr'><strong><em>min.</em></strong></span> <span class='ocrx_word' id='word_1_52' title='bbox 890 885 961 941; x_wconf 77' lang='lat'><strong><em>27,</em></strong></span> <span class='ocrx_word' id='word_1_53' title='bbox 986 885 1044 929; x_wconf 86' lang='lat'><strong><em>36</em></strong></span> <span class='ocrx_word' id='word_1_54' title='bbox 1076 882 1137 942; x_wconf 89' lang='lat' dir='ltr'><strong><em>(p.</em></strong></span> <span class='ocrx_word' id='word_1_55' title='bbox 1169 885 1256 929; x_wconf 83' lang='lat'><strong><em>312</em></strong></span> <span class='ocrx_word' id='word_1_56' title='bbox 1274 882 1347 940; x_wconf 88' lang='lat' dir='ltr'><strong><em>B.)</em></strong></span> 
     </span>
     <span class='ocr_line' id='line_1_11' title="bbox 873 962 1973 1022; baseline -0.001 -15"><span class='ocrx_word' id='word_1_57' title='bbox 873 965 961 1007; x_wconf 85' lang='lat' dir='ltr'><strong><em>iam</em></strong></span> <span class='ocrx_word' id='word_1_58' title='bbox 993 962 1116 1007; x_wconf 83' lang='lat' dir='ltr'><strong><em>breve</em></strong></span> <span class='ocrx_word' id='word_1_59' title='bbox 1147 964 1351 1007; x_wconf 83' lang='lat' dir='ltr'><strong><em>decrescit</em></strong></span> <span class='ocrx_word' id='word_1_60' title='bbox 1383 963 1524 1007; x_wconf 86' lang='lat' dir='ltr'><strong><em>lumen</em></strong></span> <span class='ocrx_word' id='word_1_61' title='bbox 1558 964 1816 1022; x_wconf 71' lang='lat' dir='ltr'><strong><em>lanquetque</em></strong></span> <span class='ocrx_word' id='word_1_62' title='bbox 1846 962 1973 1006; x_wconf 83' lang='lat' dir='ltr'><strong><em>senili</em></strong></span> 
     </span>
     <span class='ocr_line' id='line_1_12' title="bbox 875 1041 2002 1100; baseline -0.001 -16"><span class='ocrx_word' id='word_1_63' title='bbox 875 1043 1016 1100; x_wconf 61' lang='lat' dir='ltr'><strong><em>segnis</em></strong></span> <span class='ocrx_word' id='word_1_64' title='bbox 1048 1041 1170 1085; x_wconf 82' lang='lat' dir='ltr'><strong><em>stella</em></strong></span> <span class='ocrx_word' id='word_1_65' title='bbox 1199 1042 1314 1099; x_wconf 68' lang='lat' dir='ltr'><strong><em>qelu,</em></strong></span> <span class='ocrx_word' id='word_1_66' title='bbox 1349 1042 1524 1099; x_wconf 81' lang='lat' dir='ltr'><strong><em>qualis</em></strong></span> <span class='ocrx_word' id='word_1_67' title='bbox 1557 1057 1665 1085; x_wconf 83' lang='lat' dir='ltr'><strong><em>cum</em></strong></span> <span class='ocrx_word' id='word_1_68' title='bbox 1684 1041 1808 1099; x_wconf 83' lang='lat' dir='ltr'><strong><em>forte</em></strong></span> <span class='ocrx_word' id='word_1_69' title='bbox 1839 1049 2002 1085; x_wconf 80' lang='lat' dir='ltr'><strong><em>tenetur</em></strong></span> 
     </span>
     <span class='ocr_line' id='line_1_13' title="bbox 871 1120 1906 1179; baseline 0 -16"><span class='ocrx_word' id='word_1_70' title='bbox 871 1120 1056 1163; x_wconf 77' lang='lat' dir='ltr'><strong><em>nubibus</em></strong></span> <span class='ocrx_word' id='word_1_71' title='bbox 1089 1129 1128 1164; x_wconf 88' lang='lat' dir='ltr'><strong><em>et</em></strong></span> <span class='ocrx_word' id='word_1_72' title='bbox 1158 1120 1289 1164; x_wconf 86' lang='lat' dir='ltr'><strong><em>dubio</em></strong></span> <span class='ocrx_word' id='word_1_73' title='bbox 1320 1122 1511 1164; x_wconf 78' lang='lat' dir='ltr'><strong><em>vanescit</em></strong></span> <span class='ocrx_word' id='word_1_74' title='bbox 1542 1120 1728 1179; x_wconf 75' lang='lat' dir='ltr'><strong><em>Cynthia</em></strong></span> <span class='ocrx_word' id='word_1_75' title='bbox 1759 1136 1906 1164; x_wconf 79' lang='lat' dir='ltr'><strong><em>cornu.</em></strong></span> 
     </span>
     <span class='ocr_line' id='line_1_14' title="bbox 436 1191 2616 1255; baseline -0.001 -15"><span class='ocrx_word' id='word_1_76' title='bbox 436 1198 531 1240; x_wconf 91' lang='lat' dir='ltr'><strong><em>Nec</em></strong></span> <span class='ocrx_word' id='word_1_77' title='bbox 563 1204 717 1253; x_wconf 87' lang='lat' dir='ltr'><strong><em>poetae</em></strong></span> <span class='ocrx_word' id='word_1_78' title='bbox 750 1197 892 1240; x_wconf 90' lang='lat' dir='ltr'><strong><em>solum</em></strong></span> <span class='ocrx_word' id='word_1_79' title='bbox 925 1196 1002 1240; x_wconf 89' lang='lat' dir='ltr'><strong><em>sed</em></strong></span> <span class='ocrx_word' id='word_1_80' title='bbox 1036 1196 1261 1254; x_wconf 76' lang='lat' dir='ltr'>pedestres</span> <span class='ocrx_word' id='word_1_81' title='bbox 1297 1212 1470 1254; x_wconf 88' lang='lat' dir='ltr'><strong><em>quoque</em></strong></span> <span class='ocrx_word' id='word_1_82' title='bbox 1503 1198 1757 1255; x_wconf 81' lang='lat' dir='ltr'>scriptores,</span> <span class='ocrx_word' id='word_1_83' title='bbox 1792 1196 1948 1241; x_wconf 89' lang='lat' dir='ltr'><strong><em>Cicero</em></strong></span> <span class='ocrx_word' id='word_1_84' title='bbox 1982 1196 2034 1239; x_wconf 89' lang='lat' dir='ltr'><strong><em>de</em></strong></span> <span class='ocrx_word' id='word_1_85' title='bbox 2067 1196 2224 1240; x_wconf 85' lang='lat' dir='ltr'><strong><em>officiis</em></strong></span> <span class='ocrx_word' id='word_1_86' title='bbox 2258 1195 2316 1251; x_wconf 92' lang='lat'><strong><em>(1,</em></strong></span> <span class='ocrx_word' id='word_1_87' title='bbox 2351 1195 2424 1250; x_wconf 79' lang='lat'><strong><em>25,</em></strong></span> <span class='ocrx_word' id='word_1_88' title='bbox 2459 1191 2537 1250; x_wconf 81' lang='lat'><strong><em>87)</em></strong></span> <span class='ocrx_word' id='word_1_89' title='bbox 2568 1195 2616 1237; x_wconf 90' lang='lat' dir='ltr'><strong><em>in</em></strong></span> 
     </span>
     <span class='ocr_line' id='line_1_15' title="bbox 438 1274 2345 1318; baseline 0.001 -1"><span class='ocrx_word' id='word_1_90' title='bbox 438 1274 661 1317; x_wconf 88' lang='lat' dir='ltr'><strong><em>vertendis</em></strong></span> <span class='ocrx_word' id='word_1_91' title='bbox 694 1274 842 1318; x_wconf 82' lang='lat' dir='ltr'><strong><em>verbis</em></strong></span> <span class='ocrx_word' id='word_1_92' title='bbox 873 1274 1117 1318; x_wconf 79' lang='lat' dir='ltr'><strong>Platonicis</strong></span> <span class='ocrx_word' id='word_1_93' title='bbox 2343 1274 2345 1276; x_wconf 57' lang='grc'><strong>’</strong></span> 
     </span>
     <span class='ocr_line' id='line_1_16' title="bbox 798 1352 2615 1409; baseline -0.001 -15"><span class='ocrx_word' id='word_1_94' title='bbox 798 1353 996 1395; x_wconf 83' lang='lat' dir='ltr'><strong><em>similiter</em></strong></span> <span class='ocrx_word' id='word_1_95' title='bbox 1011 1353 1165 1408; x_wconf 85' lang='lat' dir='ltr'><strong><em>facere</em></strong></span> <span class='ocrx_word' id='word_1_96' title='bbox 1186 1368 1256 1395; x_wconf 91' lang='lat' dir='ltr'><strong><em>eos</em></strong></span> <span class='ocrx_word' id='word_1_97' title='bbox 1278 1355 1357 1409; x_wconf 79' lang='lat' dir='ltr'><strong><em>qui</em></strong></span> <span class='ocrx_word' id='word_1_98' title='bbox 1375 1355 1487 1395; x_wconf 82' lang='lat' dir='ltr'><strong><em>inter</em></strong></span> <span class='ocrx_word' id='word_1_99' title='bbox 1508 1368 1551 1395; x_wconf 84' lang='lat' dir='ltr'><strong><em>se</em></strong></span> <span class='ocrx_word' id='word_1_100' title='bbox 1573 1354 1882 1407; x_wconf 80' lang='lat' dir='ltr'><strong><em>contenderent,</em></strong></span> <span class='ocrx_word' id='word_1_101' title='bbox 1911 1362 2006 1395; x_wconf 82' lang='lat' dir='ltr'><strong><em>uter</em></strong></span> <span class='ocrx_word' id='word_1_102' title='bbox 2023 1354 2169 1409; x_wconf 82' lang='lat' dir='ltr'><strong><em>potius</em></strong></span> <span class='ocrx_word' id='word_1_103' title='bbox 2188 1366 2278 1394; x_wconf 85' lang='lat' dir='ltr'><strong><em>rem</em></strong></span> <span class='ocrx_word' id='word_1_104' title='bbox 2292 1352 2518 1408; x_wconf 80' lang='lat' dir='ltr'><strong><em>publicam</em></strong></span> <span class='ocrx_word' id='word_1_105' title='bbox 2538 1353 2615 1394; x_wconf 86' lang='lat' dir='ltr'><strong><em>ad-</em></strong></span> 
     </span>
     <span class='ocr_line' id='line_1_17' title="bbox 872 1429 2613 1489; baseline 0.001 -17"><span class='ocrx_word' id='word_1_106' title='bbox 872 1433 1148 1487; x_wconf 67' lang='lat' dir='ltr'><strong><em>ministraret,</em></strong></span> <span class='ocrx_word' id='word_1_107' title='bbox 1169 1440 1221 1474; x_wconf 86' lang='lat' dir='ltr'><strong><em>ut</em></strong></span> <span class='ocrx_word' id='word_1_108' title='bbox 1241 1433 1288 1473; x_wconf 82' lang='lat' dir='ltr'><strong><em>si</em></strong></span> <span class='ocrx_word' id='word_1_109' title='bbox 1306 1440 1496 1474; x_wconf 81' lang='lat' dir='ltr'><strong><em>nautae</em></strong></span> <span class='ocrx_word' id='word_1_110' title='bbox 1517 1439 1772 1474; x_wconf 79' lang='lat' dir='ltr'><strong><em>certarent</em></strong></span> <span class='ocrx_word' id='word_1_111' title='bbox 1787 1433 1884 1489; x_wconf 83' lang='lat' dir='ltr'><strong><em>quis</em></strong></span> <span class='ocrx_word' id='word_1_112' title='bbox 1901 1445 2047 1474; x_wconf 86' lang='lat' dir='ltr'><strong><em>eorum</em></strong></span> <span class='ocrx_word' id='word_1_113' title='bbox 2056 1432 2330 1489; x_wconf 77' lang='lat' dir='ltr'><strong><em>potissimum</em></strong></span> <span class='ocrx_word' id='word_1_114' title='bbox 2343 1429 2613 1488; x_wconf 74' lang='lat' dir='ltr'><strong><em>qubernaret.</em></strong></span> 
     </span>
     <span class='ocr_line' id='line_1_18' title="bbox 436 1509 912 1565; baseline -0.004 -11"><span class='ocrx_word' id='word_1_115' title='bbox 436 1509 604 1554; x_wconf 86' lang='lat' dir='ltr'><strong><em>Catone</em></strong></span> <span class='ocrx_word' id='word_1_116' title='bbox 638 1511 738 1553; x_wconf 90' lang='lat' dir='ltr'><strong><em>mai.</em></strong></span> <span class='ocrx_word' id='word_1_117' title='bbox 765 1512 832 1565; x_wconf 89' lang='lat'><strong><em>19,</em></strong></span> <span class='ocrx_word' id='word_1_118' title='bbox 860 1513 912 1553; x_wconf 83' lang='lat'><strong><em>71</em></strong></span> 
     </span>
     <span class='ocr_line' id='line_1_19' title="bbox 800 1589 2616 1645; baseline -0.001 -14"><span class='ocrx_word' id='word_1_119' title='bbox 800 1590 1084 1631; x_wconf 83' lang='lat' dir='ltr'><strong><em>adolescentes</em></strong></span> <span class='ocrx_word' id='word_1_120' title='bbox 1117 1590 1226 1631; x_wconf 75' lang='lat' dir='ltr'><strong><em>mihi</em></strong></span> <span class='ocrx_word' id='word_1_121' title='bbox 1253 1591 1368 1631; x_wconf 85' lang='lat' dir='ltr'><strong><em>mori</em></strong></span> <span class='ocrx_word' id='word_1_122' title='bbox 1397 1592 1459 1631; x_wconf 88' lang='lat' dir='ltr'><strong><em>sic</em></strong></span> <span class='ocrx_word' id='word_1_123' title='bbox 1494 1591 1708 1642; x_wconf 81' lang='lat' dir='ltr'><strong><em>videntur,</em></strong></span> <span class='ocrx_word' id='word_1_124' title='bbox 1747 1598 1794 1631; x_wconf 87' lang='lat' dir='ltr'><strong><em>ut</em></strong></span> <span class='ocrx_word' id='word_1_125' title='bbox 1825 1603 1919 1630; x_wconf 81' lang='lat' dir='ltr'><strong><em>cum</em></strong></span> <span class='ocrx_word' id='word_1_126' title='bbox 1951 1603 2091 1645; x_wconf 84' lang='lat' dir='ltr'><strong><em>aquae</em></strong></span> <span class='ocrx_word' id='word_1_127' title='bbox 2120 1589 2391 1631; x_wconf 78' lang='lat' dir='ltr'><strong><em>multitudine</em></strong></span> <span class='ocrx_word' id='word_1_128' title='bbox 2409 1589 2616 1644; x_wconf 87' lang='lat' dir='ltr'><strong><em>flammae</em></strong></span> 
     </span>
     <span class='ocr_line' id='line_1_20' title="bbox 872 1667 2613 1724; baseline 0.001 -16"><span class='ocrx_word' id='word_1_129' title='bbox 872 1668 935 1709; x_wconf 88' lang='lat' dir='ltr'><strong><em>vis</em></strong></span> <span class='ocrx_word' id='word_1_130' title='bbox 969 1668 1248 1724; x_wconf 80' lang='lat' dir='ltr'><strong><em>opprimitur,</em></strong></span> <span class='ocrx_word' id='word_1_131' title='bbox 1281 1681 1398 1710; x_wconf 79' lang='lat' dir='ltr'><strong><em>senes</em></strong></span> <span class='ocrx_word' id='word_1_132' title='bbox 1430 1675 1570 1709; x_wconf 82' lang='lat' dir='ltr'><strong><em>autem</em></strong></span> <span class='ocrx_word' id='word_1_133' title='bbox 1597 1668 1674 1720; x_wconf 87' lang='lat' dir='ltr'><strong><em>sic,</em></strong></span> <span class='ocrx_word' id='word_1_134' title='bbox 1706 1675 1753 1709; x_wconf 89' lang='lat' dir='ltr'><strong><em>ut</em></strong></span> <span class='ocrx_word' id='word_1_135' title='bbox 1784 1682 1879 1709; x_wconf 86' lang='lat' dir='ltr'><strong><em>cum</em></strong></span> <span class='ocrx_word' id='word_1_136' title='bbox 1909 1681 1988 1709; x_wconf 83' lang='lat' dir='ltr'><strong><em>sua</em></strong></span> <span class='ocrx_word' id='word_1_137' title='bbox 2009 1674 2160 1724; x_wconf 79' lang='lat' dir='ltr'><strong><em>sponte</em></strong></span> <span class='ocrx_word' id='word_1_138' title='bbox 2178 1668 2292 1723; x_wconf 73' lang='lat' dir='ltr'><strong><em>iynis</em></strong></span> <span class='ocrx_word' id='word_1_139' title='bbox 2314 1667 2613 1723; x_wconf 74' lang='lat' dir='ltr'><strong><em>exstinyuitur.</em></strong></span> 
     </span>
     <span class='ocr_line' id='line_1_21' title="bbox 436 1741 2614 1801; baseline 0 -15"><span class='ocrx_word' id='word_1_140' title='bbox 436 1741 522 1786; x_wconf 88' lang='lat' dir='ltr'><strong><em>Sed</em></strong></span> <span class='ocrx_word' id='word_1_141' title='bbox 558 1749 651 1787; x_wconf 88' lang='lat' dir='ltr'><strong><em>esto</em></strong></span> <span class='ocrx_word' id='word_1_142' title='bbox 686 1743 739 1786; x_wconf 91' lang='lat' dir='ltr'><strong><em>de</em></strong></span> <span class='ocrx_word' id='word_1_143' title='bbox 767 1742 994 1801; x_wconf 85' lang='lat' dir='ltr'><strong><em>Propertio</em></strong></span> <span class='ocrx_word' id='word_1_144' title='bbox 1028 1750 1071 1787; x_wconf 93' lang='lat' dir='ltr'><strong><em>et</em></strong></span> <span class='ocrx_word' id='word_1_145' title='bbox 1102 1744 1186 1787; x_wconf 89' lang='lat' dir='ltr'><strong><em>ista</em></strong></span> <span class='ocrx_word' id='word_1_146' title='bbox 1214 1743 1553 1801; x_wconf 82' lang='lat' dir='ltr'><strong><em>transpositione</em></strong></span> <span class='ocrx_word' id='word_1_147' title='bbox 1587 1744 1832 1798; x_wconf 85' lang='lat' dir='ltr'><strong><em>verborum,</em></strong></span> <span class='ocrx_word' id='word_1_148' title='bbox 1866 1759 1952 1801; x_wconf 88' lang='lat' dir='ltr'><strong><em>qua</em></strong></span> <span class='ocrx_word' id='word_1_149' title='bbox 1980 1744 2108 1788; x_wconf 81' lang='lat' dir='ltr'><strong><em>nobis</em></strong></span> <span class='ocrx_word' id='word_1_150' title='bbox 2137 1742 2313 1800; x_wconf 88' lang='lat' dir='ltr'><strong><em>quidem</em></strong></span> <span class='ocrx_word' id='word_1_151' title='bbox 2341 1759 2446 1786; x_wconf 90' lang='lat' dir='ltr'><strong><em>cura</em></strong></span> <span class='ocrx_word' id='word_1_152' title='bbox 2473 1760 2614 1800; x_wconf 85' lang='lat' dir='ltr'><strong><em>gram·</em></strong></span> 
     </span>
     <span class='ocr_line' id='line_1_22' title="bbox 439 1819 2612 1880; baseline 0.001 -17"><span class='ocrx_word' id='word_1_153' title='bbox 439 1821 585 1863; x_wconf 85' lang='lat' dir='ltr'><strong><em>matici</em></strong></span> <span class='ocrx_word' id='word_1_154' title='bbox 619 1821 739 1864; x_wconf 87' lang='lat' dir='ltr'><strong><em>color</em></strong></span> <span class='ocrx_word' id='word_1_155' title='bbox 773 1822 968 1877; x_wconf 88' lang='lat' dir='ltr'><strong><em>poeticus</em></strong></span> <span class='ocrx_word' id='word_1_156' title='bbox 1001 1823 1212 1865; x_wconf 87' lang='lat' dir='ltr'><strong><em>orationis</em></strong></span> <span class='ocrx_word' id='word_1_157' title='bbox 1235 1822 1371 1865; x_wconf 87' lang='lat' dir='ltr'><strong><em>deteri</em></strong></span> <span class='ocrx_word' id='word_1_158' title='bbox 1395 1836 1446 1865; x_wconf 89' lang='lat' dir='ltr'><strong><em>ac</em></strong></span> <span class='ocrx_word' id='word_1_159' title='bbox 1468 1822 1613 1865; x_wconf 84' lang='lat' dir='ltr'><strong><em>vitiari</em></strong></span> <span class='ocrx_word' id='word_1_160' title='bbox 1639 1821 1826 1865; x_wconf 87' lang='lat' dir='ltr'><strong><em>videtur:</em></strong></span> <span class='ocrx_word' id='word_1_161' title='bbox 1862 1819 2108 1865; x_wconf 85' lang='lat' dir='ltr'><strong><em>Claudiano</em></strong></span> <span class='ocrx_word' id='word_1_162' title='bbox 2132 1829 2248 1865; x_wconf 89' lang='lat' dir='ltr'><strong><em>certe</em></strong></span> <span class='ocrx_word' id='word_1_163' title='bbox 2269 1836 2324 1865; x_wconf 88' lang='lat' dir='ltr'><strong><em>ne</em></strong></span> <span class='ocrx_word' id='word_1_164' title='bbox 2347 1822 2412 1865; x_wconf 89' lang='lat' dir='ltr'><strong><em>sic</em></strong></span> <span class='ocrx_word' id='word_1_165' title='bbox 2434 1822 2612 1880; x_wconf 88' lang='lat' dir='ltr'><strong><em>quidem</em></strong></span> 
     </span>
     <span class='ocr_line' id='line_1_23' title="bbox 436 1899 2614 1958; baseline 0.001 -16"><span class='ocrx_word' id='word_1_166' title='bbox 436 1900 725 1955; x_wconf 68' lang='lat' dir='ltr'><strong><em>succurritur-3</em></strong></span> <span class='ocrx_word' id='word_1_167' title='bbox 766 1914 895 1957; x_wconf 88' lang='lat' dir='ltr'><strong><em>quem</em></strong></span> <span class='ocrx_word' id='word_1_168' title='bbox 938 1900 1052 1958; x_wconf 88' lang='lat' dir='ltr'><strong><em>quod</em></strong></span> <span class='ocrx_word' id='word_1_169' title='bbox 1087 1901 1150 1943; x_wconf 89' lang='lat' dir='ltr'><strong><em>ita</em></strong></span> <span class='ocrx_word' id='word_1_170' title='bbox 1187 1900 1496 1958; x_wconf 88' lang='lat' dir='ltr'><strong><em>interpretatur</em></strong></span> <span class='ocrx_word' id='word_1_171' title='bbox 1534 1899 1683 1944; x_wconf 90' lang='lat' dir='ltr'><strong><em>Birtus</em></strong></span> <span class='ocrx_word' id='word_1_172' title='bbox 1722 1900 1795 1944; x_wconf 84' lang='lat' dir='ltr'><strong><em>ille</em></strong></span> <span class='ocrx_word' id='word_1_173' title='bbox 1831 1900 1946 1944; x_wconf 84' lang='lat' dir='ltr'><strong><em>velut</em></strong></span> <span class='ocrx_word' id='word_1_174' title='bbox 1984 1900 2046 1945; x_wconf 88' lang='lat' dir='ltr'><strong><em>leo</em></strong></span> <span class='ocrx_word' id='word_1_175' title='bbox 2073 1900 2191 1957; x_wconf 85' lang='lat' dir='ltr'><strong><em>suit</em></strong></span> <span class='ocrx_word' id='word_1_176' title='bbox 2229 1915 2324 1944; x_wconf 84' lang='lat' dir='ltr'><strong><em>cum</em></strong></span> <span class='ocrx_word' id='word_1_177' title='bbox 2353 1933 2363 1944; x_wconf 88' lang='lat'><strong><em>.</em></strong></span> <span class='ocrx_word' id='word_1_178' title='bbox 2394 1935 2404 1945; x_wconf 91' lang='lat'><strong>.</strong></span> <span class='ocrx_word' id='word_1_179' title='bbox 2435 1936 2446 1955; x_wconf 91' lang='lat'>‚</span> <span class='ocrx_word' id='word_1_180' title='bbox 2487 1916 2614 1945; x_wconf 86' lang='lat' dir='ltr'><strong><em>suum</em></strong></span> 
     </span>
     <span class='ocr_line' id='line_1_24' title="bbox 434 1979 2613 2037; baseline 0 -14"><span class='ocrx_word' id='word_1_181' title='bbox 434 1987 622 2037; x_wconf 87' lang='lat' dir='ltr'><strong><em>poetam,</em></strong></span> <span class='ocrx_word' id='word_1_182' title='bbox 658 1995 789 2036; x_wconf 91' lang='lat' dir='ltr'><strong><em>quem</em></strong></span> <span class='ocrx_word' id='word_1_183' title='bbox 821 1995 952 2037; x_wconf 83' lang='lat' dir='ltr'><strong><em>saepe</em></strong></span> <span class='ocrx_word' id='word_1_184' title='bbox 984 1981 1112 2023; x_wconf 86' lang='lat' dir='ltr'><strong><em>iustis</em></strong></span> <span class='ocrx_word' id='word_1_185' title='bbox 1145 1980 1350 2024; x_wconf 84' lang='lat' dir='ltr'><strong><em>laudibus</em></strong></span> <span class='ocrx_word' id='word_1_186' title='bbox 1384 1980 1520 2032; x_wconf 84' lang='lat' dir='ltr'><strong><em>effert,</em></strong></span> <span class='ocrx_word' id='word_1_187' title='bbox 1557 1980 1870 2023; x_wconf 83' lang='lat' dir='ltr'><strong><em>balbutientem</em></strong></span> <span class='ocrx_word' id='word_1_188' title='bbox 1905 1995 1959 2023; x_wconf 87' lang='lat' dir='ltr'><strong><em>ex</em></strong></span> <span class='ocrx_word' id='word_1_189' title='bbox 1994 1987 2176 2023; x_wconf 86' lang='lat' dir='ltr'><strong><em>venusto</em></strong></span> <span class='ocrx_word' id='word_1_190' title='bbox 2208 1980 2409 2037; x_wconf 85' lang='lat' dir='ltr'><strong><em>quamvis</em></strong></span> <span class='ocrx_word' id='word_1_191' title='bbox 2448 1979 2613 2024; x_wconf 82' lang='lat' dir='ltr'><strong><em>invitus</em></strong></span> 
     </span>
     <span class='ocr_line' id='line_1_25' title="bbox 436 2058 2613 2116; baseline 0.001 -16"><span class='ocrx_word' id='word_1_192' title='bbox 436 2058 620 2101; x_wconf 87' lang='lat' dir='ltr'><strong><em>reddere</em></strong></span> <span class='ocrx_word' id='word_1_193' title='bbox 667 2059 795 2101; x_wconf 90' lang='lat' dir='ltr'><strong><em>nobis</em></strong></span> <span class='ocrx_word' id='word_1_194' title='bbox 842 2059 1032 2113; x_wconf 81' lang='lat' dir='ltr'><strong><em>videtur3</em></strong></span> <span class='ocrx_word' id='word_1_195' title='bbox 1084 2074 1181 2101; x_wconf 91' lang='lat' dir='ltr'><strong><em>cum</em></strong></span> <span class='ocrx_word' id='word_1_196' title='bbox 1216 2059 1473 2116; x_wconf 86' lang='lat' dir='ltr'><strong><em>praesertim</em></strong></span> <span class='ocrx_word' id='word_1_197' title='bbox 1514 2058 1595 2101; x_wconf 93' lang='lat' dir='ltr'><strong><em>hoc</em></strong></span> <span class='ocrx_word' id='word_1_198' title='bbox 1634 2059 1818 2101; x_wconf 87' lang='lat' dir='ltr'><strong><em>alterum</em></strong></span> <span class='ocrx_word' id='word_1_199' title='bbox 1859 2058 2040 2101; x_wconf 88' lang='lat' dir='ltr'><strong><em>accedat</em></strong></span> <span class='ocrx_word' id='word_1_200' title='bbox 2076 2058 2402 2102; x_wconf 88' lang='lat' dir='ltr'><strong><em>incommodum</em></strong></span> <span class='ocrx_word' id='word_1_201' title='bbox 2441 2066 2489 2102; x_wconf 87' lang='lat' dir='ltr'><strong><em>ut</em></strong></span> <span class='ocrx_word' id='word_1_202' title='bbox 2524 2059 2613 2102; x_wconf 89' lang='lat' dir='ltr'><strong><em>iam</em></strong></span> 
     </span>
     <span class='ocr_line' id='line_1_26' title="bbox 434 2135 2611 2193; baseline 0 -15"><span class='ocrx_word' id='word_1_203' title='bbox 434 2152 537 2192; x_wconf 89' lang='lat' dir='ltr'><strong><em>pars</em></strong></span> <span class='ocrx_word' id='word_1_204' title='bbox 571 2136 710 2178; x_wconf 88' lang='lat' dir='ltr'><strong><em>altera</em></strong></span> <span class='ocrx_word' id='word_1_205' title='bbox 742 2136 1081 2192; x_wconf 87' lang='lat' dir='ltr'><strong><em>comparationis</em></strong></span> <span class='ocrx_word' id='word_1_206' title='bbox 1104 2145 1189 2178; x_wconf 85' lang='lat' dir='ltr'><strong><em>stat</em></strong></span> <span class='ocrx_word' id='word_1_207' title='bbox 1210 2152 1358 2178; x_wconf 86' lang='lat' dir='ltr'><strong><em>crassa</em></strong></span> <span class='ocrx_word' id='word_1_208' title='bbox 1379 2138 1521 2193; x_wconf 83' lang='lat' dir='ltr'><strong><em>turpis</em></strong></span> <span class='ocrx_word' id='word_1_209' title='bbox 1542 2138 1664 2178; x_wconf 80' lang='lat' dir='ltr'><strong><em>sanie</em></strong></span> <span class='ocrx_word' id='word_1_210' title='bbox 1685 2144 1782 2189; x_wconf 64' lang='lat' dir='ltr'><strong><em>cet„</em></strong></span> <span class='ocrx_word' id='word_1_211' title='bbox 1807 2136 2007 2192; x_wconf 84' lang='lat' dir='ltr'><strong><em>graviore</em></strong></span> <span class='ocrx_word' id='word_1_212' title='bbox 2031 2135 2311 2178; x_wconf 88' lang='lat' dir='ltr'><strong><em>distinctione</em></strong></span> <span class='ocrx_word' id='word_1_213' title='bbox 2333 2152 2359 2177; x_wconf 91' lang='lat' dir='ltr'><strong><em>a</em></strong></span> <span class='ocrx_word' id='word_1_214' title='bbox 2379 2137 2611 2193; x_wconf 85' lang='lat' dir='ltr'><strong><em>superiori·</em></strong></span> 
     </span>
     <span class='ocr_line' id='line_1_27' title="bbox 437 2214 2612 2271; baseline 0 -15"><span class='ocrx_word' id='word_1_215' title='bbox 437 2215 516 2257; x_wconf 88' lang='lat' dir='ltr'><strong><em>bus</em></strong></span> <span class='ocrx_word' id='word_1_216' title='bbox 550 2222 764 2269; x_wconf 85' lang='lat' dir='ltr'><strong><em>separata,</em></strong></span> <span class='ocrx_word' id='word_1_217' title='bbox 800 2215 976 2256; x_wconf 85' lang='lat' dir='ltr'><strong><em>vacillet</em></strong></span> <span class='ocrx_word' id='word_1_218' title='bbox 1008 2215 1186 2267; x_wconf 78' lang='lat' dir='ltr'><strong><em>inscite3</em></strong></span> <span class='ocrx_word' id='word_1_219' title='bbox 1228 2223 1271 2256; x_wconf 88' lang='lat' dir='ltr'><strong><em>et</em></strong></span> <span class='ocrx_word' id='word_1_220' title='bbox 1308 2222 1454 2256; x_wconf 86' lang='lat' dir='ltr'><strong><em>tamen</em></strong></span> <span class='ocrx_word' id='word_1_221' title='bbox 1495 2214 1573 2256; x_wconf 87' lang='lat' dir='ltr'><strong><em>has</em></strong></span> <span class='ocrx_word' id='word_1_222' title='bbox 1614 2215 1722 2256; x_wconf 88' lang='lat' dir='ltr'><strong><em>duas</em></strong></span> <span class='ocrx_word' id='word_1_223' title='bbox 1761 2229 1857 2256; x_wconf 88' lang='lat' dir='ltr'><strong><em>esse</em></strong></span> <span class='ocrx_word' id='word_1_224' title='bbox 1895 2214 2087 2256; x_wconf 86' lang='lat' dir='ltr'><strong><em>eiusdem</em></strong></span> <span class='ocrx_word' id='word_1_225' title='bbox 2127 2214 2428 2257; x_wconf 86' lang='lat' dir='ltr'><strong><em>similitudinis</em></strong></span> <span class='ocrx_word' id='word_1_226' title='bbox 2466 2223 2612 2271; x_wconf 89' lang='lat' dir='ltr'><strong><em>partes</em></strong></span> 
     </span>
     <span class='ocr_line' id='line_1_28' title="bbox 434 2292 2612 2348; baseline 0.001 -15"><span class='ocrx_word' id='word_1_227' title='bbox 434 2292 601 2347; x_wconf 90' lang='lat' dir='ltr'><strong><em>liquido</em></strong></span> <span class='ocrx_word' id='word_1_228' title='bbox 635 2300 828 2347; x_wconf 83' lang='lat' dir='ltr'><strong><em>apparet,</em></strong></span> <span class='ocrx_word' id='word_1_229' title='bbox 861 2293 975 2333; x_wconf 82' lang='lat' dir='ltr'><strong><em>velut</em></strong></span> <span class='ocrx_word' id='word_1_230' title='bbox 1008 2307 1102 2333; x_wconf 86' lang='lat' dir='ltr'><strong><em>cum</em></strong></span> <span class='ocrx_word' id='word_1_231' title='bbox 1132 2293 1194 2334; x_wconf 84' lang='lat' dir='ltr'><strong><em>leo</em></strong></span> <span class='ocrx_word' id='word_1_232' title='bbox 1222 2295 1444 2334; x_wconf 84' lang='lat' dir='ltr'><strong><em>iuvencam</em></strong></span> <span class='ocrx_word' id='word_1_233' title='bbox 1466 2294 1660 2348; x_wconf 81' lang='lat' dir='ltr'><strong><em>possedit</em></strong></span> <span class='ocrx_word' id='word_1_234' title='bbox 1687 2301 1726 2333; x_wconf 88' lang='lat' dir='ltr'><strong><em>et</em></strong></span> <span class='ocrx_word' id='word_1_235' title='bbox 1751 2294 1916 2332; x_wconf 84' lang='lat' dir='ltr'><strong><em>viscera</em></strong></span> <span class='ocrx_word' id='word_1_236' title='bbox 1935 2292 2061 2346; x_wconf 82' lang='lat' dir='ltr'><strong><em>fodit</em></strong></span> <span class='ocrx_word' id='word_1_237' title='bbox 2091 2293 2320 2348; x_wconf 74' lang='lat' dir='ltr'><strong><em>unquibus,</em></strong></span> <span class='ocrx_word' id='word_1_238' title='bbox 2354 2301 2439 2334; x_wconf 83' lang='lat' dir='ltr'><strong><em>stat</em></strong></span> <span class='ocrx_word' id='word_1_239' title='bbox 2465 2308 2612 2335; x_wconf 85' lang='lat' dir='ltr'><strong><em>crassa</em></strong></span> 
     </span>
     <span class='ocr_line' id='line_1_29' title="bbox 434 2369 2614 2427; baseline 0.001 -16"><span class='ocrx_word' id='word_1_240' title='bbox 434 2371 574 2426; x_wconf 83' lang='lat' dir='ltr'><strong><em>turpis</em></strong></span> <span class='ocrx_word' id='word_1_241' title='bbox 606 2371 744 2422; x_wconf 78' lang='lat' dir='ltr'><strong><em>sanie3</em></strong></span> <span class='ocrx_word' id='word_1_242' title='bbox 779 2385 919 2426; x_wconf 90' lang='lat' dir='ltr'><strong><em>neque</em></strong></span> <span class='ocrx_word' id='word_1_243' title='bbox 953 2371 996 2412; x_wconf 89' lang='lat' dir='ltr'><strong><em>in</em></strong></span> <span class='ocrx_word' id='word_1_244' title='bbox 1031 2385 1082 2412; x_wconf 91' lang='lat' dir='ltr'><strong><em>eo</em></strong></span> <span class='ocrx_word' id='word_1_245' title='bbox 1116 2370 1290 2426; x_wconf 90' lang='lat' dir='ltr'><strong><em>quidem</em></strong></span> <span class='ocrx_word' id='word_1_246' title='bbox 1325 2370 1453 2412; x_wconf 89' lang='lat' dir='ltr'><strong><em>aliter</em></strong></span> <span class='ocrx_word' id='word_1_247' title='bbox 1485 2372 1677 2412; x_wconf 84' lang='lat' dir='ltr'><strong><em>sensisse</em></strong></span> <span class='ocrx_word' id='word_1_248' title='bbox 1701 2369 1945 2412; x_wconf 86' lang='lat' dir='ltr'><strong><em>Gesnerum</em></strong></span> <span class='ocrx_word' id='word_1_249' title='bbox 1981 2369 2189 2412; x_wconf 85' lang='lat' dir='ltr'><strong><em>credibile</em></strong></span> <span class='ocrx_word' id='word_1_250' title='bbox 2222 2378 2301 2424; x_wconf 87' lang='lat' dir='ltr'><strong><em>est,</em></strong></span> <span class='ocrx_word' id='word_1_251' title='bbox 2335 2371 2409 2427; x_wconf 90' lang='lat' dir='ltr'><strong><em>qui</em></strong></span> <span class='ocrx_word' id='word_1_252' title='bbox 2442 2371 2498 2412; x_wconf 86' lang='lat' dir='ltr'><strong><em>ab</em></strong></span> <span class='ocrx_word' id='word_1_253' title='bbox 2527 2371 2614 2413; x_wconf 84' lang='lat' dir='ltr'><strong><em>ista</em></strong></span> 
     </span>
     <span class='ocr_line' id='line_1_30' title="bbox 434 2448 2613 2505; baseline 0.001 -15"><span class='ocrx_word' id='word_1_254' title='bbox 434 2449 785 2505; x_wconf 88' lang='lat' dir='ltr'><strong><em>interpunctione</em></strong></span> <span class='ocrx_word' id='word_1_255' title='bbox 824 2448 1039 2491; x_wconf 86' lang='lat' dir='ltr'><strong><em>abstinuit</em></strong></span> <span class='ocrx_word' id='word_1_256' title='bbox 1071 2464 1201 2504; x_wconf 87' lang='lat' dir='ltr'><strong><em>quam</em></strong></span> <span class='ocrx_word' id='word_1_257' title='bbox 1236 2449 1385 2490; x_wconf 88' lang='lat' dir='ltr'><strong><em>Birtus</em></strong></span> <span class='ocrx_word' id='word_1_258' title='bbox 1420 2449 1595 2491; x_wconf 89' lang='lat' dir='ltr'><strong><em>induxit</em></strong></span> <span class='ocrx_word' id='word_1_259' title='bbox 1626 2450 1806 2505; x_wconf 86' lang='lat' dir='ltr'><strong><em>primus.</em></strong></span> <span class='ocrx_word' id='word_1_260' title='bbox 1862 2448 2017 2505; x_wconf 85' lang='lat' dir='ltr'><strong><em>Itaque</em></strong></span> <span class='ocrx_word' id='word_1_261' title='bbox 2050 2449 2114 2491; x_wconf 92' lang='lat' dir='ltr'><strong><em>sic</em></strong></span> <span class='ocrx_word' id='word_1_262' title='bbox 2145 2449 2359 2492; x_wconf 89' lang='lat' dir='ltr'><strong><em>rationem</em></strong></span> <span class='ocrx_word' id='word_1_263' title='bbox 2392 2450 2613 2492; x_wconf 89' lang='lat' dir='ltr'><strong><em>concludi-</em></strong></span> 
     </span>
     <span class='ocr_line' id='line_1_31' title="bbox 435 2524 2612 2584; baseline 0.001 -15"><span class='ocrx_word' id='word_1_264' title='bbox 435 2542 544 2581; x_wconf 90' lang='lat' dir='ltr'><strong><em>mus,</em></strong></span> <span class='ocrx_word' id='word_1_265' title='bbox 581 2524 873 2570; x_wconf 83' lang='lat' dir='ltr'><strong><em>Claudianum</em></strong></span> <span class='ocrx_word' id='word_1_266' title='bbox 914 2528 956 2568; x_wconf 91' lang='lat' dir='ltr'><strong><em>in</em></strong></span> <span class='ocrx_word' id='word_1_267' title='bbox 1000 2527 1075 2568; x_wconf 92' lang='lat' dir='ltr'><strong><em>illo</em></strong></span> <span class='ocrx_word' id='word_1_268' title='bbox 1115 2527 1245 2568; x_wconf 90' lang='lat' dir='ltr'><strong><em>simili</em></strong></span> <span class='ocrx_word' id='word_1_269' title='bbox 1288 2527 1402 2583; x_wconf 92' lang='lat' dir='ltr'><strong><em>quod</em></strong></span> <span class='ocrx_word' id='word_1_270' title='bbox 1443 2543 1469 2568; x_wconf 91' lang='lat' dir='ltr'><strong><em>a</em></strong></span> <span class='ocrx_word' id='word_1_271' title='bbox 1500 2528 1627 2569; x_wconf 85' lang='lat' dir='ltr'><strong><em>leone</em></strong></span> <span class='ocrx_word' id='word_1_272' title='bbox 1661 2527 1836 2583; x_wconf 84' lang='lat' dir='ltr'><strong><em>repetiit</em></strong></span> <span class='ocrx_word' id='word_1_273' title='bbox 1874 2527 2157 2584; x_wconf 86' lang='lat' dir='ltr'><strong><em>pluribusque</em></strong></span> <span class='ocrx_word' id='word_1_274' title='bbox 2195 2528 2341 2570; x_wconf 81' lang='lat' dir='ltr'><strong><em>verbis</em></strong></span> <span class='ocrx_word' id='word_1_275' title='bbox 2379 2534 2612 2572; x_wconf 81' lang='lat' dir='ltr'><strong><em>exsecutus</em></strong></span> 
     </span>
     <span class='ocr_line' id='line_1_32' title="bbox 435 2604 2614 2663; baseline 0.001 -17"><span class='ocrx_word' id='word_1_276' title='bbox 435 2612 519 2659; x_wconf 88' lang='lat' dir='ltr'><strong><em>est,</em></strong></span> <span class='ocrx_word' id='word_1_277' title='bbox 561 2619 672 2661; x_wconf 88' lang='lat' dir='ltr'><strong><em>quae</em></strong></span> <span class='ocrx_word' id='word_1_278' title='bbox 712 2612 814 2647; x_wconf 89' lang='lat' dir='ltr'><strong><em>sunt</em></strong></span> <span class='ocrx_word' id='word_1_279' title='bbox 850 2605 1025 2661; x_wconf 90' lang='lat' dir='ltr'><strong><em>propria</em></strong></span> <span class='ocrx_word' id='word_1_280' title='bbox 1065 2604 1203 2647; x_wconf 90' lang='lat' dir='ltr'><strong><em>leonis</em></strong></span> <span class='ocrx_word' id='word_1_281' title='bbox 1244 2612 1413 2660; x_wconf 83' lang='lat' dir='ltr'><strong><em>raptam</em></strong></span> <span class='ocrx_word' id='word_1_282' title='bbox 1451 2605 1681 2647; x_wconf 88' lang='lat' dir='ltr'><strong><em>iuvencam</em></strong></span> <span class='ocrx_word' id='word_1_283' title='bbox 1722 2604 1973 2647; x_wconf 84' lang='lat' dir='ltr'><strong><em>devorantis</em></strong></span> <span class='ocrx_word' id='word_1_284' title='bbox 2011 2614 2096 2647; x_wconf 86' lang='lat' dir='ltr'><strong><em>stat</em></strong></span> <span class='ocrx_word' id='word_1_285' title='bbox 2132 2619 2280 2647; x_wconf 80' lang='lat' dir='ltr'><strong><em>crassa</em></strong></span> <span class='ocrx_word' id='word_1_286' title='bbox 2317 2608 2457 2663; x_wconf 83' lang='lat' dir='ltr'><strong><em>turpis</em></strong></span> <span class='ocrx_word' id='word_1_287' title='bbox 2494 2609 2614 2649; x_wconf 82' lang='lat' dir='ltr'><strong><em>sanie</em></strong></span> 
     </span>
     <span class='ocr_line' id='line_1_33' title="bbox 433 2682 2611 2740; baseline 0.002 -17"><span class='ocrx_word' id='word_1_288' title='bbox 433 2684 652 2739; x_wconf 76' lang='lat' dir='ltr'><strong><em>nodosque</em></strong></span> <span class='ocrx_word' id='word_1_289' title='bbox 682 2683 880 2724; x_wconf 84' lang='lat' dir='ltr'><strong><em>iubarum</em></strong></span> <span class='ocrx_word' id='word_1_290' title='bbox 916 2684 1074 2724; x_wconf 71' lang='lat' dir='ltr'><strong><em>excutit</em></strong></span> <span class='ocrx_word' id='word_1_291' title='bbox 1104 2690 1142 2723; x_wconf 87' lang='lat' dir='ltr'><strong><em>et</em></strong></span> <span class='ocrx_word' id='word_1_292' title='bbox 1170 2683 1272 2722; x_wconf 83' lang='lat' dir='ltr'><strong><em>viles</em></strong></span> <span class='ocrx_word' id='word_1_293' title='bbox 1300 2690 1523 2737; x_wconf 79' lang='lat' dir='ltr'><strong><em>pastorum</em></strong></span> <span class='ocrx_word' id='word_1_294' title='bbox 1551 2683 1731 2737; x_wconf 85' lang='lat' dir='ltr'><strong><em>despicit</em></strong></span> <span class='ocrx_word' id='word_1_295' title='bbox 1757 2684 1850 2724; x_wconf 80' lang='lat' dir='ltr'><strong><em>iras</em></strong></span> <span class='ocrx_word' id='word_1_296' title='bbox 1877 2683 1922 2723; x_wconf 90' lang='lat' dir='ltr'><strong><em>in</em></strong></span> <span class='ocrx_word' id='word_1_297' title='bbox 1950 2683 2073 2724; x_wconf 83' lang='lat' dir='ltr'><strong><em>illum</em></strong></span> <span class='ocrx_word' id='word_1_298' title='bbox 2103 2696 2232 2738; x_wconf 91' lang='lat' dir='ltr'><strong><em>quem</em></strong></span> <span class='ocrx_word' id='word_1_299' title='bbox 2261 2682 2368 2725; x_wconf 85' lang='lat' dir='ltr'><strong><em>dicit</em></strong></span> <span class='ocrx_word' id='word_1_300' title='bbox 2393 2691 2611 2740; x_wconf 84' lang='lat' dir='ltr'><strong><em>raptorem</em></strong></span> 
     </span>
     <span class='ocr_line' id='line_1_34' title="bbox 436 2759 2612 2820; baseline 0.002 -18"><span class='ocrx_word' id='word_1_301' title='bbox 436 2760 738 2817; x_wconf 88' lang='lat' dir='ltr'><strong><em>Proserpinae,</em></strong></span> <span class='ocrx_word' id='word_1_302' title='bbox 773 2759 1018 2815; x_wconf 89' lang='lat' dir='ltr'><strong><em>Plutonem,</em></strong></span> <span class='ocrx_word' id='word_1_303' title='bbox 1054 2759 1180 2802; x_wconf 87' lang='lat' dir='ltr'><strong><em>sicuti</em></strong></span> <span class='ocrx_word' id='word_1_304' title='bbox 1217 2759 1358 2816; x_wconf 86' lang='lat' dir='ltr'><strong><em>potuit</em></strong></span> <span class='ocrx_word' id='word_1_305' title='bbox 1390 2772 1434 2802; x_wconf 86' lang='lat' dir='ltr'><strong><em>et</em></strong></span> <span class='ocrx_word' id='word_1_306' title='bbox 1466 2776 1544 2816; x_wconf 89' lang='lat' dir='ltr'><strong><em>par</em></strong></span> <span class='ocrx_word' id='word_1_307' title='bbox 1574 2759 1668 2811; x_wconf 79' lang='lat' dir='ltr'><strong><em>fuit,</em></strong></span> <span class='ocrx_word' id='word_1_308' title='bbox 1703 2759 2021 2804; x_wconf 82' lang='lat' dir='ltr'><strong><em>accommodari</em></strong></span> <span class='ocrx_word' id='word_1_309' title='bbox 2054 2760 2246 2804; x_wconf 82' lang='lat' dir='ltr'><strong><em>voluisse</em></strong></span> <span class='ocrx_word' id='word_1_310' title='bbox 2279 2777 2418 2819; x_wconf 91' lang='lat' dir='ltr'><strong><em>neque</em></strong></span> <span class='ocrx_word' id='word_1_311' title='bbox 2456 2763 2612 2820; x_wconf 88' lang='lat' dir='ltr'><strong><em>imper·</em></strong></span> 
     </span>
     <span class='ocr_line' id='line_1_35' title="bbox 433 2826 2611 2897; baseline 0.001 -15"><span class='ocrx_word' id='word_1_312' title='bbox 433 2839 593 2882; x_wconf 73' lang='lat' dir='ltr'><strong><em>sectam</em></strong></span> <span class='ocrx_word' id='word_1_313' title='bbox 622 2853 718 2882; x_wconf 89' lang='lat' dir='ltr'><strong><em>esse</em></strong></span> <span class='ocrx_word' id='word_1_314' title='bbox 743 2837 854 2881; x_wconf 89' lang='lat' dir='ltr'><strong><em>hanc</em></strong></span> <span class='ocrx_word' id='word_1_315' title='bbox 877 2838 1116 2881; x_wconf 89' lang='lat' dir='ltr'><strong><em>orationem</em></strong></span> <span class='ocrx_word' id='word_1_316' title='bbox 1148 2852 1290 2895; x_wconf 88' lang='lat' dir='ltr'><strong><em>neque</em></strong></span> <span class='ocrx_word' id='word_1_317' title='bbox 1315 2836 1614 2881; x_wconf 84' lang='lat' dir='ltr'><strong><em>‘artificiosam</em></strong></span> <span class='ocrx_word' id='word_1_318' title='bbox 1647 2839 1876 2881; x_wconf 88' lang='lat' dir='ltr'><strong><em>verborum</em></strong></span> <span class='ocrx_word' id='word_1_319' title='bbox 1906 2836 2252 2883; x_wconf 86' lang='lat' dir='ltr'><strong><em>collocationem&#39;</em></strong></span> <span class='ocrx_word' id='word_1_320' title='bbox 2277 2826 2381 2897; x_wconf 79' lang='lat' dir='ltr'><strong><em>prae</em></strong></span> <span class='ocrx_word' id='word_1_321' title='bbox 2410 2856 2457 2884; x_wconf 89' lang='lat' dir='ltr'><strong><em>se</em></strong></span> <span class='ocrx_word' id='word_1_322' title='bbox 2485 2840 2611 2886; x_wconf 87' lang='lat' dir='ltr'><strong><em>ferre.</em></strong></span> 
     </span>
     <span class='ocr_line' id='line_1_36' title="bbox 435 2913 2612 2973; baseline 0.002 -15"><span class='ocrx_word' id='word_1_323' title='bbox 435 2916 534 2970; x_wconf 82' lang='lat' dir='ltr'><strong><em>Quo</em></strong></span> <span class='ocrx_word' id='word_1_324' title='bbox 557 2917 602 2958; x_wconf 90' lang='lat' dir='ltr'><strong><em>in</em></strong></span> <span class='ocrx_word' id='word_1_325' title='bbox 625 2931 783 2973; x_wconf 88' lang='lat' dir='ltr'><strong><em>genere</em></strong></span> <span class='ocrx_word' id='word_1_326' title='bbox 807 2931 903 2958; x_wconf 90' lang='lat' dir='ltr'><strong><em>cum</em></strong></span> <span class='ocrx_word' id='word_1_327' title='bbox 928 2916 1032 2958; x_wconf 91' lang='lat' dir='ltr'><strong><em>olim</em></strong></span> <span class='ocrx_word' id='word_1_328' title='bbox 1056 2916 1305 2972; x_wconf 84' lang='lat' dir='ltr'><strong><em>exemplum</em></strong></span> <span class='ocrx_word' id='word_1_329' title='bbox 1330 2931 1383 2958; x_wconf 82' lang='lat' dir='ltr'><strong><em>ex</em></strong></span> <span class='ocrx_word' id='word_1_330' title='bbox 1407 2916 1630 2959; x_wconf 89' lang='lat' dir='ltr'><strong><em>Aeneidos</em></strong></span> <span class='ocrx_word' id='word_1_331' title='bbox 1653 2931 1769 2959; x_wconf 91' lang='lat' dir='ltr'><strong><em>nono</em></strong></span> <span class='ocrx_word' id='word_1_332' title='bbox 1792 2914 1852 2972; x_wconf 73' lang='lat' dir='ltr'><strong><em>(V.</em></strong></span> <span class='ocrx_word' id='word_1_333' title='bbox 1878 2913 1984 2971; x_wconf 83' lang='lat'><strong>337)</strong></span> <span class='ocrx_word' id='word_1_334' title='bbox 2007 2917 2060 2959; x_wconf 90' lang='lat' dir='ltr'><strong><em>de</em></strong></span> <span class='ocrx_word' id='word_1_335' title='bbox 2090 2917 2186 2961; x_wconf 88' lang='lat' dir='ltr'><strong><em>Nisi</em></strong></span> <span class='ocrx_word' id='word_1_336' title='bbox 2216 2917 2381 2961; x_wconf 86' lang='lat' dir='ltr'><strong><em>furiosa</em></strong></span> <span class='ocrx_word' id='word_1_337' title='bbox 2403 2919 2612 2962; x_wconf 89' lang='lat' dir='ltr'><strong><em>caedendi</em></strong></span> 
     </span>
     <span class='ocr_line' id='line_1_37' title="bbox 435 2993 2612 3053; baseline 0.001 -16"><span class='ocrx_word' id='word_1_338' title='bbox 435 2993 674 3051; x_wconf 86' lang='lat' dir='ltr'><strong><em>cupiditate</em></strong></span> <span class='ocrx_word' id='word_1_339' title='bbox 708 2994 993 3048; x_wconf 82' lang='lat' dir='ltr'><strong><em>attulerimus,</em></strong></span> <span class='ocrx_word' id='word_1_340' title='bbox 1028 2993 1142 3050; x_wconf 92' lang='lat' dir='ltr'><strong><em>quod</em></strong></span> <span class='ocrx_word' id='word_1_341' title='bbox 1178 2994 1234 3036; x_wconf 90' lang='lat' dir='ltr'><strong><em>ab</em></strong></span> <span class='ocrx_word' id='word_1_342' title='bbox 1274 2993 1585 3050; x_wconf 86' lang='lat' dir='ltr'><strong><em>interpretibus</em></strong></span> <span class='ocrx_word' id='word_1_343' title='bbox 1624 2994 1891 3050; x_wconf 87' lang='lat' dir='ltr'><strong><em>Vergilianis</em></strong></span> <span class='ocrx_word' id='word_1_344' title='bbox 1932 3010 2158 3053; x_wconf 88' lang='lat' dir='ltr'><strong><em>perperam</em></strong></span> <span class='ocrx_word' id='word_1_345' title='bbox 2199 2996 2453 3053; x_wconf 85' lang='lat' dir='ltr'><strong><em>explicatur,</em></strong></span> <span class='ocrx_word' id='word_1_346' title='bbox 2494 3013 2612 3040; x_wconf 89' lang='lat' dir='ltr'><strong><em>nunc</em></strong></span> 
     </span>
     <span class='ocr_line' id='line_1_38' title="bbox 435 3069 1590 3127; baseline 0.001 -13"><span class='ocrx_word' id='word_1_347' title='bbox 435 3073 542 3115; x_wconf 89' lang='lat' dir='ltr'><strong><em>haec</em></strong></span> <span class='ocrx_word' id='word_1_348' title='bbox 575 3088 628 3115; x_wconf 86' lang='lat' dir='ltr'><strong><em>ex</em></strong></span> <span class='ocrx_word' id='word_1_349' title='bbox 661 3072 886 3116; x_wconf 88' lang='lat' dir='ltr'><strong><em>Aeneidos</em></strong></span> <span class='ocrx_word' id='word_1_350' title='bbox 921 3072 1089 3114; x_wconf 86' lang='lat' dir='ltr'><strong><em>decimo</em></strong></span> <span class='ocrx_word' id='word_1_351' title='bbox 1121 3069 1251 3127; x_wconf 82' lang='lat'>(689)</span> <span class='ocrx_word' id='word_1_352' title='bbox 1285 3071 1590 3116; x_wconf 87' lang='lat' dir='ltr'><strong><em>adscribimus.</em></strong></span> 
     </span>
     <span class='ocr_line' id='line_1_39' title="bbox 870 3150 1935 3194; baseline 0.001 -2"><span class='ocrx_word' id='word_1_353' title='bbox 870 3152 929 3193; x_wconf 85' lang='lat' dir='ltr'><strong><em>At</em></strong></span> <span class='ocrx_word' id='word_1_354' title='bbox 960 3150 1076 3193; x_wconf 87' lang='lat' dir='ltr'><strong><em>Iovis</em></strong></span> <span class='ocrx_word' id='word_1_355' title='bbox 1109 3152 1270 3193; x_wconf 82' lang='lat' dir='ltr'><strong><em>interea</em></strong></span> <span class='ocrx_word' id='word_1_356' title='bbox 1303 3152 1477 3193; x_wconf 80' lang='lat' dir='ltr'><strong><em>monitis</em></strong></span> <span class='ocrx_word' id='word_1_357' title='bbox 1509 3150 1746 3194; x_wconf 72' lang='lat' dir='ltr'><strong><em>Mezentius</em></strong></span> <span class='ocrx_word' id='word_1_358' title='bbox 1779 3152 1935 3194; x_wconf 78' lang='lat' dir='ltr'><strong><em>ardens</em></strong></span> 
     </span>
     <span class='ocr_line' id='line_1_40' title="bbox 810 3225 1979 3286; baseline 0.002 -16"><span class='ocrx_word' id='word_1_359' title='bbox 810 3282 813 3284; x_wconf 76' lang='lat'>.</span> <span class='ocrx_word' id='word_1_360' title='bbox 869 3229 1056 3271; x_wconf 73' lang='lat' dir='ltr'><strong><em>succedit</em></strong></span> <span class='ocrx_word' id='word_1_361' title='bbox 1081 3243 1258 3286; x_wconf 72' lang='lat' dir='ltr'><strong><em>puynae</em></strong></span> <span class='ocrx_word' id='word_1_362' title='bbox 1295 3225 1565 3286; x_wconf 82' lang='lat' dir='ltr'><strong><em>Teucrosque</em></strong></span> <span class='ocrx_word' id='word_1_363' title='bbox 1594 3228 1765 3271; x_wconf 82' lang='lat' dir='ltr'><strong><em>invadit</em></strong></span> <span class='ocrx_word' id='word_1_364' title='bbox 1796 3237 1979 3272; x_wconf 79' lang='lat' dir='ltr'><strong><em>ovantes.</em></strong></span> 
     </span>
     <span class='ocr_line' id='line_1_41' title="bbox 869 3307 2056 3365; baseline 0.002 -15"><span class='ocrx_word' id='word_1_365' title='bbox 869 3318 1130 3351; x_wconf 83' lang='lat' dir='ltr'><strong><em>concurrunt</em></strong></span> <span class='ocrx_word' id='word_1_366' title='bbox 1168 3307 1417 3364; x_wconf 77' lang='lat' dir='ltr'><strong><em>Tyrrhenae</em></strong></span> <span class='ocrx_word' id='word_1_367' title='bbox 1447 3311 1561 3352; x_wconf 82' lang='lat' dir='ltr'><strong><em>acies</em></strong></span> <span class='ocrx_word' id='word_1_368' title='bbox 1592 3317 1718 3365; x_wconf 82' lang='lat' dir='ltr'><strong><em>atque</em></strong></span> <span class='ocrx_word' id='word_1_369' title='bbox 1740 3309 1934 3352; x_wconf 83' lang='lat' dir='ltr'><strong><em>omnibus</em></strong></span> <span class='ocrx_word' id='word_1_370' title='bbox 1965 3312 2056 3361; x_wconf 78' lang='lat' dir='ltr'><strong><em>uni,</em></strong></span> 
     </span>
    </p>
   </div>
  </div>
 </body>
</html>
