3008 3830
1419 205 1449 248 9

855 323 902 366 ἐκ
933 321 1118 378 πόντοιο-
1139 322 1309 378 θόραζε
1340 323 1444 382 λίνῳ
1475 327 1550 368 καὶ
1581 325 1709 382 ἤνοπι
1738 326 1896 384 χαλκῷ,

855 396 914 452 οἷς
944 402 1029 446 ἕλκ’
1049 394 1302 459 &arvom
1325 424 1380 433 —

349 484 394 523 et
426 479 496 534 17,
519 478 550 522 4

854 554 970 616 ἀμφὶ
1000 558 1040 602 δ’
1061 555 1130 614 ἄρ’
1151 554 1270 619 αὗτῷ
1299 560 1447 616 βαΐν’,
1480 559 1538 609 ὥς
1569 576 1630 611 τις
1661 561 1758 617 περὶ
1791 559 1974 617 πόρτακι
2003 559 2138 619 μήτηρ

628 692 630 695 7
853 635 1136 693 πρωτοτόκος.

348 711 473 768 Quae
505 722 624 759 certo
656 714 822 759 ducunt
853 722 902 759 ut
931 722 1049 760 recte
1079 716 1415 775 interpretemur
1447 716 1579 760 etiam
1612 716 1648 761 si
1684 731 1795 775 quae
1829 725 1931 761 sunt
1962 717 2240 763 artificiosius
2273 726 2451 763 structa.

564 790 652 836 Sed
684 786 870 837 alterum
900 794 1009 837 illud
1041 809 1179 850 genus
1211 795 1427 838 enuntiati
1448 795 1731 851 comparativi
1754 796 1992 853 Apollonio
2014 811 2093 839 suo
2115 797 2306 840 restituit
2326 797 2381 840 R.
2400 797 2511 841 Mer·

346 870 501 926 kelius,
536 872 578 926 3,
605 871 734 927 1292,
768 886 867 915 eum
899 872 962 915 ita
993 872 1131 916 edidit
1162 872 1216 916 de
1247 873 1385 916 tauris
1416 873 1563 929 ignem
1597 872 1847 916 efflantibus

850 948 984 1007 ἄμφω
1016 949 1127 1007 ὁμοῦ
1157 954 1419 1007 προγένοντο
1451 949 1587 1006 πυρὸς
1617 950 1748 1001 σέλας
1778 947 2073 1007 ἆμανείονιες.

850 1028 1051 1072 ἔδδεισαν
1081 1028 1121 1072 δ’
1142 1027 1291 1085 ἥρωες,
1322 1024 1440 1079 ὅπως
1470 1029 1581 1073 ἴδον.
1619 1024 1759 1084 αὗτὰρ
1791 1029 1814 1071 ὃ
1846 1028 1944 1079 τούς
1974 1046 2024 1083 γε

848 1103 897 1151 εὖ
927 1105 1085 1162 διαβὰς
1115 1105 1334 1158 ἐπιόντας,
1366 1106 1442 1150 ἅτε
1473 1106 1631 1157 σπιλὰς
1661 1109 1727 1150 εἶν
1758 1106 1833 1150 ἁλὶ
1864 1111 2011 1164 πέτρη,

671 1184 788 1228 1295
847 1188 1050 1242 μίμνεν,
1083 1182 1346 1244 ἆπειρεσίῃσι
1377 1183 1617 1241 δονεύμενα
1647 1184 1803 1241 κύματ’
1825 1181 2016 1235 ἀέλλαις.

341 1265 499 1318 μίμνεν
529 1263 647 1305 enim
679 1262 859 1306 editoris
891 1270 970 1318 est,
1004 1262 1107 1306 libri
1129 1261 1294 1305 habent
1312 1266 1469 1319 μίμνει.
1517 1261 1605 1317 Qui
1628 1264 1829 1321 quamvis
1852 1278 1944 1306 rem
1966 1278 2054 1306 non
2077 1264 2211 1321 probe
2234 1265 2509 1322 perspexisse

344 1339 545 1384 videatur
576 1356 630 1384 ex
663 1342 717 1384 iis
749 1356 861 1399 quae
892 1341 1133 1396 adnotavit,
1166 1347 1315 1384 tamen
1347 1340 1526 1385 dubium
1559 1356 1656 1385 esse
1688 1357 1775 1384 non
1808 1349 1963 1399 potest,
1999 1343 2102 1400 quin
2136 1349 2253 1386 recte
2281 1343 2414 1386 scribi
2436 1358 2508 1401 po-

342 1419 476 1462 tuerit
513 1419 629 1476 quod
669 1419 825 1474 voluit,
868 1427 914 1462 ut
947 1423 1104 1476 μίμνεν
1141 1406 1196 1462 ad
1229 1419 1433 1462 Iasonem
1469 1419 1652 1462 relatum
1685 1420 1828 1462 locum
1860 1428 2007 1463 teneat
2038 1421 2083 1463 in
2116 1421 2262 1463 media
2292 1423 2510 1464 sententia

342 1497 641 1555 comparativa
678 1511 790 1555 quae
822 1497 920 1555 ipsa
950 1497 1119 1540 nullum
1151 1511 1278 1540 suum
1309 1497 1491 1540 verbum
1524 1496 1677 1552 habet,
1716 1497 1771 1540 ad
1804 1513 1903 1541 eum
1936 1497 2141 1542 videlicet
2172 1498 2348 1542 modum
2381 1514 2509 1557 quem

342 1590 475 1632 supra
506 1575 840 1632 declaravimus,
875 1590 1091 1633 quemque
1125 1575 1387 1633 Apollonius
1422 1576 1517 1633 ipse
1548 1576 1655 1619 alibi
1687 1583 1861 1620 secutus
1894 1584 1972 1632 est,
2008 1576 2128 1619 velut
2160 1577 2200 1632 3,
2228 1577 2344 1621 1320

1135 1653 1159 1694 ὃ
1192 1654 1234 1695 δ’
1256 1652 1324 1708 ἄρ’
1346 1651 1467 1703 αὖτις
1497 1653 1609 1696 ε’λών
1639 1653 1770 1702 σοι’κος
1801 1655 1956 1697 ἔνθετο
1990 1654 2111 1710 νώτῳ

844 1731 1055 1784 ἐξόπιθεν
1085 1735 1159 1774 καὶ
1189 1736 1313 1784 γέντο
1346 1733 1472 1775 θοῶν
1504 1733 1709 1788 ἔμπλειον
1740 1729 1931 1775 ὀδόντων

844 1808 1014 1867 πήληκα
1044 1807 1230 1865 βριαρῆν
1262 1807 1370 1865 δόρυ
1402 1811 1435 1852 τ’
1456 1808 1637 1864 ἄσχετον
1668 1806 1704 1867 ᾤ’
1734 1810 1775 1867 ῤ’
1798 1808 1882 1854 ὑπὸ
1912 1814 2074 1866 μέσσας

846 1889 1068 1945 ἐργατίνης
1100 1888 1158 1937 ὥς
1189 1891 1250 1936 τίς
1281 1905 1325 1930 τε
1357 1888 1594 1942 Πελασγίδι
1627 1886 1811 1931 νύσσεν
1843 1885 1998 1945 ἀκαίνῃ

845 1963 1038 2016 οὐτάζων
1071 1964 1277 2018 λαγόνας,

338 2059 450 2101 quae
481 2045 546 2088 sic
578 2052 680 2088 sunt
710 2044 952 2087 evolvenda
983 2043 1089 2099 δόρυ
1120 2043 1316 2099 ἄσχετον,
1349 2040 1386 2101 ᾦ
1417 2041 1502 2087 ὑπὸ
1529 2048 1691 2100 μέσσας
1723 2043 1914 2097 λαγόνας
1948 2043 2100 2088 νιῖσσεν
2121 2043 2180 2095 ὥς
2200 2046 2422 2102 ἐργατίνης
2444 2062 2503 2096 τις

337 2124 575 2178 Πελασγίδι
606 2120 773 2181 ἀκαίνῃ,
807 2123 975 2167 scilicet
1007 2122 1161 2172 νόσσει,
1196 2123 1317 2166 cuius
1342 2123 1463 2166 verbi
1495 2123 1638 2166 locum
1668 2124 1841 2167 obtinet
1872 2122 2039 2177 νύσσεν,
2074 2124 2188 2181 quod
2221 2125 2501 2181 praeteritum

336 2218 422 2247 non
457 2202 512 2246 ad
546 2210 760 2246 aratorem
794 2203 983 2259 pertinet
1015 2202 1089 2246 sed
1122 2202 1175 2245 ad
1209 2201 1425 2246 Iasonem.
1474 2201 1587 2246 Item
1619 2203 1660 2257 3,
1690 2203 1805 2246 1392

841 2277 899 2331 οἷς
930 2279 1022 2324 τότε
1051 2285 1265 2338 γηγενέων
1296 2288 1433 2336 κεῖρεν
1465 2279 1643 2335 στάχυν·
1677 2286 1828 2337 αἵματι
1860 2281 1898 2324 δ’
1921 2280 2040 2325 ὁλκοί

841 2356 939 2416 ἢύτε
969 2367 1169 2416 κρηναῖαι
1200 2356 1368 2415 ἇμοὶραι
1401 2360 1464 2402 n).
1477 2357 1668 2413 η’θοντο
1701 2359 1857 2419 ῥοῇσιν.

336 2435 422 2480 Sed
458 2452 588 2495 saepe
621 2437 881 2495 Apollonius
916 2436 1077 2494 duplici
1110 2436 1244 2479 verbo
1277 2436 1424 2486 utitur,
1460 2436 1592 2479 veluti
1626 2436 1666 2490 3,
1706 2437 1822 2480 1370

1128 2513 1284 2567 Κόλχοι
1316 2514 1363 2556 δὲ
1393 2515 1486 2569 μέγ’
1507 2517 1671 2567 ἴαχον,
1705 2512 1763 2562 ὠς
1795 2515 1862 2555 ὅτε
1896 2512 2051 2562 πόντος

839 2596 984 2647 ἴαχεν
1016 2589 1197 2649 ῧξείῃσιν
1227 2592 1495 2648 ἐπιβρομέων
1526 2590 1821 2642 σπιλάδεσσιν,

334 2671 404 2715 hic
443 2671 618 2730 quidem
657 2672 887 2729 utrobique
927 2672 1158 2729 praeterito
1200 2670 1321 2714 verbi
1360 2670 1520 2726 posito,
1561 2670 1675 2727 quod
1716 2678 1865 2712 notum
1899 2678 1965 2712 est
1997 2686 2023 2712 a
2055 2670 2377 2727 comparatione
2411 2686 2497 2713 non

333 2750 524 2794 alienum
555 2766 671 2805 esse3
705 2759 782 2794 aut
812 2751 850 2793 si
884 2765 981 2804 uno,
1016 2750 1061 2792 in
1094 2749 1311 2792 sententia
1341 2747 1571 2806 principali
1605 2749 1760 2805 posito,
1797 2748 1914 2790 velut
1946 2750 1986 2802 4,
2016 2750 2067 2790 11

838 2830 886 2888 τῇ
916 2829 955 2871 δ’
977 2825 1301 2881 ἀλεγεινότατον
1332 2826 1483 2883 κραδίῃ
1515 2825 1657 2884 φόβον
1688 2826 1876 2882 ἔμβαλεν
1901 2827 2020 2883 Ἤρη.

837 2910 1041 2961 τρέσσεν
1072 2906 1113 2949 δ’
1134 2903 1231 2962 ἧιῖτε
1261 2922 1322 2955 τις
1354 2903 1494 2962 κούφη
1525 2903 1673 2959 κεμοὲς,
1705 2904 1756 2961 ἦν
1788 2921 1831 2946 τε
1861 2908 2047 2961 βαθείης

837 2983 1044 3041 τάρφεσιν
1075 2985 1124 3028 ἐν
1155 2982 1352 3038 ξυλόχοιο
1383 2984 1525 3026 κυνῶν
1555 2981 1770 3039 ἐφόβησεν
1802 2981 1982 3037 ὁμοκλή,

330 3062 401 3105 vel
424 3063 464 3117 3,
488 3063 577 3107 956
600 3078 697 3120 sqq.
745 3063 912 3106 Verum
950 3067 1105 3119 μίμνεν
1143 3077 1197 3104 an
1236 3065 1381 3117 μίμνει
1417 3060 1494 3103 illo
1532 3060 1627 3102 loco
1664 3060 1826 3102 rectius
1866 3061 2083 3102 scribatur
2122 3059 2375 3115 ambiguum
2415 3068 2494 3102 est.

329 3139 507 3184 Etenim
541 3132 582 3185 si
619 3141 858 3185 retinemus
898 3140 1013 3198 quod
1051 3140 1175 3201 ¹libris
1215 3147 1439 3196 acceptum
1476 3139 1630 3193 fertur,
1669 3142 1832 3194 μίμνει,
1871 3138 2090 3193 integrum
2122 3144 2190 3181 est
2221 3138 2494 3181 enuntiatum

330 3220 692 3276 comparativum,
731 3219 806 3262 ἅτε
837 3218 993 3268 σπιλὰς
1023 3220 1088 3261 εῖν
1119 3217 1193 3262 ἁλὶ
1224 3221 1353 3274 πέτρη
1382 3213 1819 3273 μίμνει-ἀπειρεσίῃσι
1851 3214 2091 3272 δονεύμενα
2122 3214 2275 3272 κύματ’
2298 3213 2494 3265 α’έλλαις,

329 3311 384 3340 ex
415 3312 467 3341 eo
498 3312 602 3342 vero
634 3297 814 3341 verbum
847 3296 1105 3341 sumendum
1136 3310 1222 3354 quo
1254 3295 1444 3339 narratio
1477 3294 1742 3353 suppleatur.
1791 3293 1850 3337 Et
1871 3308 2134 3352 quamquam
2158 3293 2426 3351 plerumque,
2456 3293 2494 3336 si

328 3391 463 3420 unum
486 3376 666 3420 verbum
688 3383 767 3432 est,
802 3375 846 3419 id
869 3375 1108 3418 narrationi
1130 3373 1315 3429 additur,
1349 3373 1394 3417 in
1418 3374 1743 3431 comparatione
1765 3372 1951 3428 auditur,
1981 3380 2127 3416 tamen
2151 3387 2206 3415 ne
2228 3371 2493 3416 contrarium

2156 3453 2179 3488 2
