3008 3830
1498 169 1526 215 8

930 290 1034 333 haec
1064 290 1269 332 mandata
1298 292 1426 347 prius
1457 292 1674 334 comanti
1701 298 1836 334 mente
1867 298 2069 335 tenentem

936 366 1096 410 Thesea
1128 382 1202 410 ceu
1228 368 1386 425 pulsae
1416 376 1636 412 ventorum
1655 369 1839 425 flamine
1869 367 2002 412 nubea
2070 375 2073 379 '

929 448 1095 489 aerium
1126 448 1243 489 nivei
1272 449 1428 490 montio
1459 447 1625 504 liquere
1658 461 1872 503 cacumen,

421 523 684 577 Horatius*)
718 539 756 567 c.
779 527 820 580 4,
844 525 885 579 4,
909 525 968 568 42
1854 514 1859 519 '

1363 587 1544 645 pulcher
1559 586 1737 646 ‚t'uqatie

1074 666 1147 708 ille
1178 666 1268 708 dies
1307 665 1432 709 Latio
1463 665 1647 710 tenebris

1078 764 1157 819 qui
1180 764 1352 819 primus
1383 763 1499 806 alma
1528 765 1629 806 n'eit
1659 765 1835 816 adorea,

1076 840 1199 883 dirue
1224 855 1309 897 pet·
1338 839 1463 883 urbes
1494 841 1609 897 Afer
1639 849 1686 885 ut
1718 841 1855 885 Italas

1077 933 1151 961 ceu
1171 919 1354 975 flamma
1383 933 1464 976 per
1495 920 1643 963 taedae
1674 920 1741 963 vel
1771 935 1899 965 eurus

1073 1011 1152 1053 per
1185 995 1358 1039 Siculae
1391 997 1606 1054 equitavit
1636 998 1791 1050 undae,
1826 1017 1828 1019 >

421 1074 475 1117 ad
510 1075 683 1117 illorum
709 1074 898 1117 maxime
921 1082 1147 1131 poetarum
1171 1073 1417 1131 exemplum
1441 1074 1721 1119 artificiosius
1743 1074 1929 1118 formata
1951 1074 2171 1119 censebat.
2235 1071 2325 1118 Sed
2347 1074 2596 1132 exemplum

422 1154 457 1196 si
493 1153 785 1209 quaerebatur
818 1153 904 1195 iam
936 1151 1174 1195 Homerica
1206 1152 1401 1195 carmina
1433 1151 1609 1208 dabant,
1646 1153 1765 1196 velut
1797 1151 1880 1198 Od.
1908 1153 1976 1208 17,
2002 1153 2088 1198 397

920 1227 1122 1278 Ἀνιὶνο“,
1154 1228 1179 1285 ἦ
1210 1246 1291 1285 μευ
1322 1230 1438 1275 καλά
1470 1229 1612 1287 πατὴρ
1645 1231 1704 1281 ὣς
1736 1229 1914 1287 κήδεαι
1946 1232 2036 1281 υἷος

421 1310 462 1352 h.
489 1325 524 1353 e.
549 1308 662 1352 καλά
694 1325 775 1365 μευ
806 1306 956 1365 κήδεαι
987 1304 1045 1358 ὡς
1078 1306 1218 1364 πατὴρ
1250 1307 1426 1365 κήδεται
1457 1308 1567 1362 υἷοςς
1603 1309 1670 1352 vel
1702 1308 1754 1352 Il.
1779 1310 1820 1361 3,
1845 1310 1899 1353 21

930 1388 1005 1432 τὸν
1036 1388 1075 1432 δ’
1097 1386 1155 1438 ὡς
1187 1385 1265 1432 οὖν
1296 1386 1471 1444 ἐνόησεν
1503 1386 1732 1445 ἀρηΐφιλος
1763 1389 1993 1438 Μενέλαος

929 1465 1164 1523 ἐρχόμενον
1196 1466 1503 1522 προπάροιθεν
1534 1465 1687 1524 ὁμίλου
1717 1465 1864 1524 μακροὶ
1897 1464 2102 1523 βιβάντα,

931 1544 990 1597 ὥς
1022 1564 1066 1590 τε
1097 1548 1209 1590 λέων
1240 1546 1397 1603 ἐχάρη
1427 1545 1604 1605 μεγάλῳ
1636 1547 1706 1590 ἐπὶ
1740 1545 1905 1603 σώματι
1936 1545 2096 1603 κύρσας
2119 1579 2130 1590 .
2155 1580 2166 1591 .
2190 1580 2200 1591 .
2284 1556 2300 1576 '

930 1621 987 1674 ὦς
1018 1624 1152 1681 ἐχάρη
1186 1625 1416 1675 Μενέλαος

421 1720 531 1762 quae
570 1702 681 1760 (non
723 1704 838 1747 enim
879 1719 964 1747 uno
997 1703 1128 1747 modo
1161 1700 1529 1761 interpretantur)
1561 1704 1624 1747 sic
1658 1719 1754 1748 esse
1787 1703 2044 1761 accipienda
2074 1704 2337 1748 arbitramur
2371 1705 2597 1753 Μενέλαος

420 1781 550 1840 ἐχάρη
584 1782 689 1825 ὥστε
721 1783 832 1825 λέων
863 1785 1003 1836 χαίρει
1034 1780 1210 1839 μεγάλῳ
1244 1780 1410 1838 σώματι
1441 1780 1689 1837 ἐπικύρσας.
1737 1781 1891 1839 Neque
1924 1796 2052 1826 secus
2083 1781 2135 1825 Il.
2162 1783 2231 1837 12,
2259 1783 2345 1826 154

928 1866 975 1905 οἳ
1002 1862 1040 1904 δ’
1063 1861 1151 1916 ἄρα
1183 1862 1479 1918 χερμαδίοισιν
1510 1860 1732 1918 ἐυδμήτων
1763 1858 1853 1904 ἆπό
1884 1859 2060 1916 πύργων

925 1938 1091 1993 βάλλον
1115 1972 1130 1983 ,
1151 1972 1161 1981 .
1188 1975 1195 1982 .

1438 2016 1620 2074 νιφάδες
1652 2017 1691 2060 δ’
1714 2017 1781 2067 ὣς»
1804 2026 1993 2061 πῖπτον
2024 2017 2148 2072 ἔραζε

927 2095 980 2146 ἇς
1011 2092 1046 2138 τ’
1071 2096 1230 2152 ἄνεμος
1263 2095 1360 2152 ζαὴς
1393 2099 1528 2151 νέφεα
1562 2094 1760 2140 σκιόεντα
1794 2095 1982 2152 δονήσας

927 2178 1137 2231 ταρφεὶας
1169 2177 1394 2228 κατέχευεν
1425 2175 1496 2217 ἐπὶ
1528 2178 1661 2228 χθονὶ
1693 2174 2000 2232 πουλυβοτείρῃ

420 2254 460 2296 h.
486 2270 521 2296 e.
556 2252 770 2309 χερμάδια
804 2261 964 2296 πῖπτον
996 2249 1053 2303 ὡς
1088 2252 1269 2310 νιφάδες
1303 2257 1531 2296 πίπτουσιν
1563 2253 1686 2307 ἔραζε
1718 2252 1772 2303 ἃς
1803 2252 1964 2308 ἄνεμος
1995 2255 2211 2307 κατέχευεε
2244 2252 2309 2296 sic
2340 2252 2457 2296 enim
2488 2252 2597 2296 haec

418 2332 678 2389 explicanda
719 2347 815 2374 esse
855 2346 954 2374 oum
988 2332 1085 2388 ipsa
1118 2346 1194 2387 per
1226 2346 1272 2374 se
1306 2340 1397 2374 tum
1431 2331 1592 2374 collata
1623 2346 1735 2388 quae
1769 2339 1872 2374 sunt
1905 2347 1943 2374 v.
1969 2330 2057 2376 278
2080 2346 2174 2389 sqq.
2198 2331 2474 2389 persuadent.
2525 2329 2596 2376 Cf.

419 2413 460 2465 8,
487 2412 574 2454 306
598 2425 692 2467 sqq.
743 2408 831 2453 Sed
870 2424 1001 2466 saepe
1039 2410 1086 2451 in
1120 2409 1517 2465 comparationibus
1550 2409 1800 2451 Homericis
1834 2410 1928 2452 sine
1962 2409 2050 2452 ulla
2081 2410 2279 2466 quaesita
2310 2409 2598 2454 collocatione

420 2505 554 2532 unum
586 2488 763 2545 quidem
797 2488 978 2531 verbum
1011 2487 1187 2543 ponitur
1219 2487 1297 2529 sed
1329 2488 1374 2529 in
1408 2487 1614 2543 primaria
1646 2488 1877 2540 sententia,
1912 2487 2014 2530 inde
2047 2495 2095 2530 ut
2126 2487 2327 2530 audiatur
2358 2488 2403 2531 in
2425 2487 2596 2532 adiecto

421 2567 568 2622 simili,
603 2566 724 2609 velut
755 2566 808 2610 Il.
831 2566 872 2621 2,
897 2566 986 2610 394

1211 2642 1399 2700 Ἀργεῖοι
1432 2645 1480 2689 δὲ
1510 2647 1605 2702 μέγ’
1627 2648 1795 2700 ἴαχον,
1826 2643 1885 2696 ὠς
1917 2645 1986 2690 ὅτε
2017 2647 2132 2702 κῦμα

929 2719 1035 2784 ἆκτῇ
1065 2723 1135 2779 ἐφ’
1160 2720 1304 2784 ὑψηλῇ
1336 2723 1403 2766 ὅτε
1435 2721 1581 2780 κινήσῃ
1613 2721 1752 2774 Νότος
1784 2722 1934 2768 ἐλθών

422 2802 492 2846 vel
528 2801 596 2857 16,
621 2802 711 2846 406

930 2881 1040 2924 ἕλκε
1073 2880 1121 2922 δὲ
1154 2878 1311 2934 δουρὸς
1342 2879 1453 2923 ε’λών
1484 2878 1591 2936 ὑπὲρ
1623 2879 1819 2933 ἄντυγος,
1850 2878 1908 2928 ὡς
1940 2880 2009 2924 ὅτε
2040 2896 2102 2930 τις
2133 2879 2228 2937 φώς

928 2962 1059 3017 πέτρῃ
1092 2959 1162 3002 ἔπι
1194 2961 1400 3015 προβλῆτι
1431 2958 1685 3016 καθήμενος
1716 2959 1835 3014 ἱερὸν
1865 2957 2003 3014 ἰχθύν

639 3103 676 3146 *)
702 3100 806 3136 Idem
833 3100 871 3136 in
899 3100 1029 3137 eodem
1056 3110 1199 3147 genere
1226 3101 1296 3137 hoc
1322 3111 1440 3138 ausus
1466 3105 1528 3138 est
1552 3100 1590 3137 in
1617 3100 1740 3138 satira
1767 3099 1854 3137 libri
1878 3099 1990 3147 primi
2016 3099 2134 3139 tertia
2161 3111 2196 3139 v.
2218 3102 2263 3139 10

1001 3168 1055 3202 nil
1077 3168 1221 3214 aequale
1246 3168 1374 3202 homini
1389 3166 1468 3213 fuit
1490 3169 1563 3202 illi.-
1586 3179 1688 3215 saepe
1713 3168 1805 3203 velut
1829 3168 1890 3215 qui

1002 3233 1164 3268 currebat
1181 3232 1327 3279 fuyiens
1352 3232 1486 3277 boetem,
1511 3244 1678 3279 persaepe
1702 3233 1796 3268 velue
1819 3234 1880 3280 qui

1003 3296 1146 3334 Iunonis
1170 3309 1274 3335 encra
1291 3295 1420 3344 ferret,

421 3367 455 3401 h.
476 3376 507 3401 e.
527 3364 710 3401 currebat
737 3363 842 3400 velut
867 3362 931 3408 qui
955 3363 1109 3410 fugiens
1135 3363 1283 3400 hostem
1310 3362 1442 3400 currit.
