3008 3830
1495 164 1523 207 6

418 286 456 337 7,
485 286 535 328 11
573 289 646 327 καί
677 287 756 329 τιν’
778 283 929 329 ὀδίταν
960 285 1125 330 ἐσθλὸν
1163 284 1242 328 σὺν
1275 289 1486 330 Μοίσαισι
1519 285 1768 329 Κυδωνικὸν
1803 284 1982 342 εὕρομες
2018 284 2163 342 ἄνδρα
2197 285 2447 344 scripsisse,
2485 284 2592 330 olim

417 364 667 420 repositum,
703 379 788 406 non
823 361 898 406 τὸν
926 362 1093 414 ὁδίταν,
1126 363 1256 421 quod,
1290 363 1493 422 quamvis
1515 363 1575 406 sit
1595 363 1641 408 in
1663 363 1802 420 libris,
1836 378 2021 421 pravum
2042 346 2112 412 est
2132 377 2273 422 neque
2295 362 2366 406 edi
2389 362 2590 410 debebat.

416 445 457 483 A
482 442 641 498 quibus
675 456 760 484 non
793 441 978 484 multum
1012 441 1245 485 discedunt
1277 441 1399 494 haec,
1433 441 1521 485 ἔστι
1551 441 1602 487 δέ
1631 457 1693 492 τις
1726 441 1853 499 νῆσος
1873 444 2006 502 μέσσῃ
2027 437 2104 485 ἁλὶ
2123 439 2378 499 πετρήεσσα,
2399 436 2592 494 Ἀστερίς

416 515 500 563 Od'.
523 522 565 575 4,
591 521 699 575 8443
731 519 902 577 Ὠγυγίη
933 537 996 570 τις
1027 522 1156 576 νῆσος
1187 518 1452 581 ἀπόπροθεν
1483 521 1549 563 εἶν
1581 519 1656 564 ἁλὶ
1683 527 1819 563 κεῖται
1840 519 1925 564 Od.
1951 521 1991 574 7,
2016 520 2125 577 2443
2158 520 2245 564 ἔστι
2266 506 2510 577 διειδομένὴ
2530 535 2592 570 τις

414 600 462 641 ἐν
494 598 619 642 ὕδατι
653 601 777 655 νῆσος
809 597 942 656 ἇραιή
965 597 1226 643 Callimachi
1260 600 1301 654 4,
1328 600 1435 654 1913
1471 597 1518 655 ἧς
1549 599 1599 642 δέ
1630 615 1690 649 τις
1721 603 1912 656 αἴγειρος
1941 603 2054 656 μέγα
2087 600 2293 655 δένδρεον
2314 601 2356 655 6,
2379 600 2452 643 37.
2502 596 2591 642 Sed

416 678 657 720 omittimus
691 678 784 720 alia.
811 685 854 720 et
886 677 1015 721 huius
1053 678 1226 734 generis
1259 683 1303 720 et
1334 677 1534 729 aliorum,
1574 678 1618 720 in
1653 677 1795 735 iisque
1833 677 1972 721 multa
2007 678 2225 734 ambigua,
2267 677 2320 721 de
2352 677 2512 735 quibus
2545 665 2591 719 in

416 756 612 798 diversas
646 764 792 812 partes
827 755 1070 799 discessum
1103 763 1171 798 est
1202 756 1256 799 ab
1289 752 1667 813 interpretibus*).
1742 755 1842 798 Non
1880 755 2222 813 praetereundus
2259 736 2328 800 est
2356 755 2483 800 Plato
2515 754 2591 815 qui

415 835 534 877 solus
574 835 762 891 plurima
800 835 1052 891 suppeditat
1089 835 1329 892 quaerenti,
1371 835 1491 876 velut
1527 835 1571 877 in
1609 835 1755 890 legum
1792 835 1907 878 libro
1944 836 2073 879 tertio
2105 850 2147 893 p.
2176 836 2248 892 96,
2278 835 2307 879 8
2340 833 2466 879 Schz.
2491 849 2589 878 cum

414 914 570 957 scribit
600 913 712 956 κατὰ
743 914 819 970 τὴν
851 917 1092 969 παροιμίαν
1123 910 1214 957 ἀπό
1246 929 1359 964 τινος
1390 911 1496 956 ὄνου
1527 921 1673 957 πεσεῖν
1710 914 1988 970 agnoscimus
2030 929 2159 972 quem
2197 914 2397 959 volumus
2429 929 2590 972 prono-

414 993 547 1036 minis
583 1008 727 1045 usum3
763 1008 960 1050 quaeque
992 993 1122 1050 paulo
1156 1000 1255 1049 post
1283 993 1327 1035 in
1351 991 1503 1035 eodem
1526 992 1639 1035 libro
1662 992 1866 1049 leguntur
1886 990 1947 1051 (p.
1971 993 2043 1049 97,
2067 990 2116 1049 8)
2147 977 2407 1037 ἔοικεκατὰ
2439 992 2591 1052 τύχην

413 1071 528 1114 τινα
553 1069 654 1126 ἡμῖν
677 1072 730 1112 τὰ
754 1072 838 1113 τῶν
860 1069 1002 1122 λόγων
1024 1070 1188 1134 τούτων
1208 1069 1386 1114 πάντων
1409 1067 1471 1113 ὦν
1493 1069 1784 1128 διεξήλθομεν
1803 1074 2052 1123 γεγονέναι·
2081 1069 2236 1126 σχεδὸν
2254 1070 2339 1127 γὰρ
2360 1074 2421 1124 εἰς
2441 1075 2591 1126 χρείαν

413 1146 558 1192 αὐτῶν
589 1149 712 1201 ἔγωγ’
735 1147 933 1203 ἐλήλυθα
965 1147 1018 1190 τὰ
1049 1150 1141 1198 νῦν,
1172 1150 1246 1190 καὶ
1277 1147 1408 1190 κατά
1439 1164 1554 1191 τινα
1587 1145 1651 1191 αὖ
1682 1147 1865 1203 καιρὸν
1896 1146 1950 1192 σύ
1979 1165 2023 1191 τε
2054 1151 2363 1207 παραγέγονας
2392 1149 2486 1205 ἅμα
2517 1151 2591 1191 καὶ

415 1228 633 1279 Μέγιλλος
667 1226 756 1269 ὅδε.
802 1223 854 1269 οὗ
884 1225 970 1281 γάρ
1003 1223 1321 1281 ἀποκρύψομαι
1353 1225 1449 1282 σφὼ
1482 1225 1530 1268 τὸ
1559 1227 1638 1269 νῦν
1659 1226 1756 1281 ἐμοὶ
1777 1228 2018 1282 ξυμβαῖνον
2038 1224 2154 1270 ἀλλὰ
2174 1228 2248 1268 καὶ
2269 1225 2379 1281 πρὸς
2401 1225 2590 1270 οἰωνόν
2654 1252 2670 1254 ⁷⁷

413 1322 529 1348 τινα
563 1306 792 1359 ποιοῦμαι·
827 1303 851 1358 ἡ
882 1302 967 1359 γὰρ
1001 1304 1173 1360 πλείστη
1205 1305 1276 1360 τῆς
1299 1302 1458 1361 Κρήτης
1489 1304 1694 1360 ἐπιχειρεῖ
1720 1321 1836 1347 τινα
1869 1301 2120 1348 ἀποικίαν
2149 1303 2437 1361 ποιήσασθαι,
2470 1306 2589 1349 testi·

414 1383 558 1426 monio
592 1398 688 1425 esse
713 1388 906 1438 possunt,
941 1397 1071 1438 quam
1094 1382 1203 1432 levis
1226 1382 1284 1425 sit
1306 1397 1462 1425 sensus
1486 1382 1620 1425 variis
1643 1371 1897 1425 nominibus
1918 1382 2189 1440 pronominis
2212 1382 2370 1425 adiecti
2394 1390 2438 1425 et
2458 1397 2587 1441 quam

413 1462 621 1504 usitatum
645 1460 726 1502 hoc
747 1459 879 1502 fuerit
906 1460 949 1502 in
974 1460 1192 1502 communi
1218 1475 1416 1506 sermone
1439 1459 1622 1504 Graeco.
1673 1457 1762 1504 Sed
1784 1460 1840 1503 ad
1862 1459 2085 1503 Theocriti
2108 1460 2252 1503 locum
2277 1469 2323 1503 ut
2343 1461 2586 1515 redeamus,

412 1540 535 1583 cuius
570 1554 702 1582 causa
734 1538 841 1581 haec
874 1538 1009 1581 nimio
1042 1537 1228 1582 fortasse
1252 1538 1397 1582 studio
1421 1538 1690 1596 collegimus,
1726 1538 1841 1597 quod
1874 1538 1948 1582 ille
1981 1538 2136 1583 scribit
2166 1536 2274 1595 χιών
2301 1539 2358 1590 ω”ς
2379 1556 2440 1591 τις
2461 1551 2588 1584 κατε-

412 1619 561 1662 τακετο
607 1634 705 1661 cum
758 1619 853 1674 ipso
891 1633 1011 1660 more
1052 1632 1180 1675 quem
1220 1617 1491 1661 ostendimus
1530 1624 1818 1672 sustentatur,
1860 1626 1952 1661 tum
1990 1618 2168 1676 propius
2206 1619 2337 1662 etiam
2376 1618 2589 1662 accedunt

412 1698 613 1754 exempla
645 1697 792 1754 qualia
815 1683 922 1739 haec
945 1703 1060 1750 sunt,
1097 1693 1163 1739 ὅτε
1187 1713 1247 1746 τις
1268 1693 1427 1752 χειμών
1448 1696 1825 1752 ἔκπαγλοςῦροιτο
1847 1696 1931 1740 Od.
1954 1698 2022 1752 14,
2046 1694 2231 1752 522**);
2268 1697 2292 1753 ἢ
2324 1699 2531 1754 πολέμοιο
2564 1697 2589 1753 ἢ

411 1778 579 1831 λοιμοῖο
612 1777 731 1826 τέλος
764 1775 1077 1831 ποτιδέγμενοι,
1111 1772 1160 1831 ἦέ
1191 1777 1266 1819 τιν’
1289 1774 1454 1833 ὄμβρον
1491 1774 1680 1820 ἄσπετον
1708 1774 1934 1833 Apollonii
1967 1776 2135 1832 Argon.
2159 1775 2199 1828 4,
2228 1775 2362 1831 12823
2402 1782 2445 1820 et
2476 1791 2588 1834 quae

412 1855 648 1912 Euripides
684 1855 839 1897 scribit
871 1854 913 1896 in
949 1853 1133 1896 Troasin
1172 1854 1287 1896 1298
1496 1904 1499 1906 ‚

921 1936 1097 1988 πτέρυγι
1129 1933 1177 1974 δὲ
1208 1932 1403 1982 καπνὸς
1435 1929 1498 1983 ὥς
1529 1948 1602 1983 τις
1633 1929 1708 1976 οὗ-

920 2015 1052 2066 ρανίᾳ
1084 2012 1276 2054 πεσοῦσα
1309 2011 1405 2066 δορὶ
1436 2014 1701 2067 καταφθίνει
1732 2012 1807 2064 γᾶ,

411 2090 527 2147 quod
551 2105 630 2133 nos
654 2091 728 2133 vix
751 2097 900 2133 nostro
924 2104 1123 2133 sermone
1146 2089 1416 2132 imitabimur
1439 2089 1634 2133 dicentes
1656 2091 1738 2132 wie
1757 2091 1828 2133 ein
1850 2089 2016 2143 Rauelt,
2046 2088 2121 2133 sed
2146 2089 2348 2133 similiter
2368 2089 2586 2133 Aemilius

412 2169 517 2212 Zola
556 2169 746 2225 scripsit,
789 2169 853 2211 lui
882 2170 923 2211 si
949 2168 1096 2225 qrand
1134 2168 1273 2211 8'e'tait
1304 2170 1500 2220 έυαηοιιί,
1540 2169 1658 2210 ainsi
1695 2165 1851 2225 qu'une
1868 2167 2042 2224 fumea·
2081 2175 2156 2211 aut
2187 2182 2297 2225 quae
2336 2167 2586 2224 Aeschylus

410 2248 454 2290 in
490 2249 824 2304 Agamemnone
858 2247 946 2291 275
2556 2251 2558 2253 ’

924 2324 1151 2381 ὑπερτελής
1183 2343 1224 2368 τε

920 2402 1053 2461 πεύκη
1088 2403 1133 2446 τὸ
1166 2407 1470 2461 χρυσοφεγγές,
1504 2401 1565 2454 ὥς
1598 2420 1670 2454 τις
1702 2401 1864 2460 ἣλιος,

920 2485 1047 2545 σέλας
1080 2481 1406 2539 παρηγγοὶρευσε
1441 2486 1666 2526 Μακίστου
1698 2484 1860 2540 σκοπῷ,

629 2699 665 2744 *)
684 2699 740 2735 De
761 2698 935 2735 oratione
955 2699 1163 2741 bimembri,
1183 2709 1279 2744 quae
1299 2699 1336 2735 in
1358 2700 1484 2736 altera
1502 2705 1612 2745 parte
1630 2710 1836 2745 pronomen
1855 2699 1972 2736 habet
1987 2699 2175 2735 adiectum
2194 2710 2238 2736 eo
2257 2699 2364 2735 modo
2383 2709 2455 2744 quo
2473 2699 2584 2735 Plato

411 2764 543 2801 scribit
574 2764 713 2801 θαλλὸν
747 2765 766 2809 ἤ
797 2778 875 2800 τινα
905 2763 1067 2812 καρπόνς
1097 2765 1239 2813 πνεῦμα
1275 2765 1294 2809 ἦ
1326 2779 1375 2807 τις
1408 2765 1500 2813 ἦχιό,
1538 2764 1702 2801 diximus
1733 2764 1773 2801 in
1799 2763 1991 2810 prooemio
2018 2775 2053 2801 a.
2074 2765 2168 2802 1883
2193 2776 2228 2811 p.
2248 2765 2268 2801 7
2294 2764 2426 2811 paucis
2452 2763 2584 2802 allatis

411 2831 606 2875 exemplis,
625 2840 723 2875 quae
742 2830 903 2875 plurima
922 2830 1008 2866 inde
1027 2831 1074 2866 ab
1090 2830 1300 2866 Homericis
1318 2830 1549 2866 carminibus
1568 2830 1699 2867 afferri
1712 2836 1886 2876 possunt.
1905 2830 2012 2875 Quod
2025 2840 2148 2876 genus
2163 2830 2300 2877 tetigit
2313 2829 2405 2866 Otto
2419 2829 2586 2867 Hensius

412 2897 450 2933 in
479 2897 579 2934 stud.
607 2896 717 2943 Soph.
745 2907 780 2932 a.
804 2898 896 2934 1880
922 2896 1034 2933 editis
1062 2909 1095 2943 p.
1114 2898 1173 2941 25,
1207 2898 1253 2933 de
1280 2897 1409 2934 eodem
1436 2908 1507 2934 usu
1533 2897 1571 2934 in
1597 2896 1810 2934 nominibus
1835 2896 2002 2944 propriis
2028 2908 2166 2944 agens3
2197 2898 2243 2934 de
2273 2908 2346 2943 quo
2377 2908 2490 2944 porro
2520 2897 2586 2943 qui

410 2967 544 2999 contra
575 2949 678 2999 illum
711 2962 897 2998 disseruit
926 2963 1116 3008 Georgius
1144 2963 1338 2999 Kaibelius
1372 2964 1409 2999 in
1444 2963 1687 3009 ephemeride
1714 2962 1925 3009 gymnasiis
1950 2962 2077 2999 dicata
2103 2964 2175 3000 vol.
2194 2973 2318 3000 xxxrv
2343 2975 2377 3010 p.
2396 2964 2469 3000 628
2492 2974 2584 3000 non·

411 3029 515 3065 nulla
543 3028 732 3075 exposuit.

604 3096 666 3140 **)
692 3095 856 3132 Diversa
876 3101 966 3132 sunt
984 3107 1080 3141 quae
1101 3096 1343 3142 negationem
1359 3097 1517 3134 habent:
1541 3095 1593 3146 μή
1612 3111 1661 3138 τις
1678 3095 1760 3138 Διὸς
1777 3096 1948 3145 κεραυνὸς
1966 3096 2049 3142 ἥτις
2066 3096 2203 3147 ὁμρρία
2215 3096 2344 3147 χάλαζ’
2363 3095 2585 3149 ἐπιρράξασα

410 3162 538 3209 Oedip.
558 3163 636 3199 Col.
653 3164 763 3206 15023
789 3166 850 3199 ἵνα
873 3161 926 3211 μή
952 3177 1003 3205 τις
1027 3167 1100 3212 ἔρις
1121 3166 1183 3199 καὶ
1207 3168 1321 3206 νεῖκος
1343 3164 1467 3214 ὄρηται
1485 3163 1619 3210 Odyss.
1637 3165 1697 3207 20,
1713 3164 1802 3208 2673
1836 3164 1879 3200 οὔ
1903 3164 1969 3200 τᾶν
1994 3166 2141 3206 δικαίως
2163 3165 2240 3215 τῇδ’
2258 3167 2461 3215 ἐπιρρέποις
2485 3163 2586 3202 πόλει

408 3232 519 3277 μῆνίν
544 3235 608 3267 τιν’
629 3231 647 3275 ἦ
671 3229 778 3267 κότον
802 3231 904 3276 τιν’ἣ
926 3230 1064 3278 βλάβην
1090 3231 1245 3268 Eumen.
1264 3232 1344 3269 870.
1387 3231 1529 3268 Eodem
1553 3231 1711 3267 redeunt
1735 3241 1832 3276 quae
1858 3236 1992 3277 poetae
2010 3235 2206 3269 nostrates
2226 3231 2414 3269 scribunt:
2439 3231 2586 3280 Sankje

410 3298 464 3333 ein
488 3296 620 3344 Schlaf
639 3297 711 3344 aus
730 3298 840 3334 meine
864 3298 1095 3345 Auyenlae'der3
1120 3299 1186 3335 soll
1208 3300 1276 3334 mir
1291 3298 1331 3346 je
1357 3299 1442 3335 noch
1466 3300 1541 3335 eine
1564 3297 1680 3335 Sonne
1703 3298 1873 3343 scheinen,
1897 3309 1993 3344 quae
2019 3304 2098 3335 tam
2125 3303 2231 3336 recte
2258 3297 2446 3344 dicuntur,
2473 3309 2585 3344 quam

410 3362 487 3398 luein
511 3363 648 3410 Schlef,
675 3364 771 3401 keine
796 3364 920 3401 Sonne.
