3008 3830
784 932 1418 1030 νΝΝΕΒεΙΤΑΤιΒ
1470 964 2051 1028 ΜΤΤΕΒΑΒΙΑΕ

991 1153 1396 1205 FRIDERIOAE
1442 1153 1835 1205 GVILELMAE

625 1335 1200 1425 RECTOR
1268 1337 1445 1423 ΕΤ
1516 1335 2198 1424 SENATVS.

330 1584 627 1687 Lectionum
660 1640 1006 1685 academicarum
1037 1640 1368 1697 enumerationi,
1403 1655 1515 1698 quae
1546 1640 1734 1697 proximi
1767 1640 1870 1684 anni
1899 1641 2125 1685 mensibus
2147 1640 2342 1686 hibernis
2364 1640 2494 1685 habe·

333 1719 508 1773 buntur,
544 1726 590 1762 ut
621 1718 786 1777 aliquid
818 1719 872 1762 de
903 1718 1061 1763 litteris
1087 1733 1208 1762 more
1230 1718 1410 1776 antiquo
1432 1718 1748 1776 praemittatur,
1783 1732 1881 1761 cum
1904 1718 1957 1762 de
1980 1717 2203 1762 Theocriti
2224 1718 2378 1776 idyllio
2400 1734 2494 1776 sep·

319 1797 461 1869 Q,-
485 1796 556 1840 cui
577 1796 780 1841 Θαλύσια
812 1796 1077 1849 inscribitur,
1110 1795 1322 1840 nonnulla
1353 1795 1576 1854 disputare
1599 1795 1879 1851 instituimus,
1916 1811 2052 1854 paene
2073 1796 2213 1854 pudor
2233 1812 2314 1840 nos
2336 1798 2495 1840 retinet

332 1874 564 1932 quominus
597 1889 886 1932 exsequamur
917 1874 1032 1932 quod
1066 1874 1284 1918 volumus:
1319 1883 1408 1918 tam
1441 1874 1589 1917 tenuia
1621 1882 1724 1917 sunt
1755 1889 1866 1931 quae
1899 1874 2119 1918 afferimus
2153 1890 2231 1918 nec
2255 1874 2342 1918 ullo
2364 1874 2492 1918 modo

332 1952 625 2010 comparanda
656 1967 754 1997 cum
785 1953 838 1997 iis
870 1967 981 2010 quae
1015 1952 1095 1996 viri
1128 1952 1248 2009 clari,
1282 1951 1525 1996 eruditione
1553 1959 1598 1996 et
1619 1952 1794 2009 ingenio
1817 1953 1978 2010 pariter
2000 1961 2284 2010 praestantes,
2319 1969 2416 1997 cum
2439 1943 2492 1997 de

331 2031 449 2074 omni
481 2031 603 2089 poesi
625 2030 883 2076 Theocritea
912 2038 1002 2074 tum
1037 2030 1090 2074 de
1123 2030 1205 2074 hoc
1237 2030 1443 2085 carmine,
1478 2030 1592 2074 unde
1624 2031 1747 2088 quasi
1781 2030 1994 2088 quaedam
2027 2031 2195 2075 radices
2227 2040 2316 2075 tam
2349 2047 2491 2076 rerum

331 2123 460 2166 quam
493 2110 600 2153 artis
623 2108 906 2153 Theocriteae
939 2109 1164 2163 ducuntur,
1198 2108 1267 2151 his
1299 2109 1510 2166 proximis
1543 2109 1669 2152 annis
1703 2109 1901 2152 certatim
1934 2109 2228 2153 enuclearunt.
2282 2107 2490 2164 Quicum

331 2193 406 2230 aut
425 2186 707 2244 antiquitates
731 2185 846 2231 Coas
880 2187 1093 2244 persecuti
1124 2186 1316 2231 locorum
1349 2187 1482 2230 situm
1514 2196 1558 2230 et
1590 2194 1801 2239 naturam,
1835 2188 1879 2230 in
1914 2187 2074 2244 quibus
2107 2187 2215 2231 haec
2246 2203 2357 2245 quae
2391 2196 2492 2231 sunt

331 2266 375 2309 in
408 2264 491 2309 hoc
521 2265 715 2309 carmine
747 2267 817 2323 agi
851 2265 988 2309 voluit
1019 2272 1146 2323 poeta
1176 2279 1262 2309 non
1297 2265 1391 2309 sine
1424 2264 1781 2309 documentorum
1813 2265 1899 2309 fide
1932 2274 2144 2322 eruerent,
2185 2275 2260 2311 aut
2291 2267 2490 2331 homines

330 2345 405 2402 qui
437 2352 606 2388 actores
639 2352 741 2388 sunt
772 2345 816 2387 in
850 2343 931 2388 hac
963 2344 1110 2387 fabula
1142 2344 1208 2387 vel
1241 2353 1536 2387 memorantur
1568 2344 1612 2386 in
1646 2359 1696 2386 ea
1729 2344 1907 2401 derepta
1938 2359 2068 2401 quam
2101 2353 2274 2400 gestant
2304 2361 2491 2402 persona

330 2422 565 2480 pastoricia
581 2430 656 2466 aut
672 2423 895 2467 nominum
917 2421 1084 2479 griphis
1107 2421 1265 2479 quibus
1288 2421 1569 2465 involvuntur
1591 2420 1743 2465 solutis
1767 2437 1891 2465 suam
1911 2437 2056 2466 veram
2073 2431 2316 2466 monstrare
2333 2423 2489 2467 faciem

330 2509 546 2557 cogerent,
581 2510 656 2545 aut
688 2502 731 2544 in
763 2501 1083 2557 βουκολιασμοῦ
1113 2500 1202 2544 vim
1235 2509 1278 2544 et
1306 2515 1430 2544 usum
1453 2510 1496 2543 et
1519 2499 1645 2543 huius
1668 2500 1874 2544 carminis
1897 2501 2083 2544 artificia
2104 2501 2376 2559 inquirerent
2396 2503 2489 2559 qui-

332 2579 498 2636 busque
534 2578 576 2621 id
612 2579 700 2622 filis
732 2593 830 2623 cum
863 2578 961 2622 aliis
995 2578 1159 2636 idylliis
1192 2586 1519 2622 connecteretur
1551 2578 1813 2636 patefactum
1846 2579 1971 2634 irent,
2006 2578 2142 2622 multa
2175 2580 2217 2622 in
2253 2579 2371 2623 clara
2392 2580 2488 2624 luce

329 2657 474 2713 posita
505 2664 607 2700 sunt
628 2671 738 2715 quae
761 2657 903 2699 adhuc
925 2658 1200 2700 tenebrarum
1223 2657 1488 2700 obscuritate
1510 2656 1684 2699 obtecta
1705 2657 1941 2699 iacuerunt.
1997 2655 2193 2711 Quorum
2216 2658 2487 2713 ingeniosam

329 2733 546 2785 virtutem,
581 2748 712 2791 quam
746 2734 812 2776 vel
845 2733 907 2777 ibi
936 2733 1211 2787 admiramur,
1248 2733 1321 2776 ubi
1343 2733 1543 2776 assentiri
1569 2732 1830 2787 dubitamus,
1864 2749 1918 2776 ne
1942 2734 2140 2790 speciosa
2162 2749 2239 2790 pro
2263 2735 2377 2777 veris
2400 2750 2487 2778 am·

327 2810 581 2868 plectamur,
616 2811 822 2869 quoniam
854 2810 1061 2855 aemulari
1095 2825 1175 2854 nec
1206 2826 1436 2868 possumus
1469 2825 1549 2853 nec
1584 2810 1792 2865 volumus,
1828 2825 1900 2853 eos
1935 2812 1971 2853 si
2005 2811 2078 2868 qui
2102 2810 2321 2854 Theocriti
2354 2828 2422 2855 res
2446 2823 2489 2856 et

328 2888 456 2932 huius
488 2888 632 2946 idyllii
663 2889 853 2932 rationes
886 2889 1059 2947 penitus
1092 2903 1352 2944 cognoscere
1390 2889 1583 2946 cupiant,
1618 2887 1671 2930 ad
1705 2888 1877 2931 illorum
1910 2903 2063 2945 operas
2096 2888 2339 2933 luculentas
2367 2890 2488 2933 abire

327 2967 541 3024 iubemus,
574 2981 654 3012 nos
687 2967 803 3012 hunc
824 2975 1095 3012 contractum
1126 2967 1343 3013 tramitem
1373 2982 1499 3025 quem
1523 2966 1711 3012 solemus
1734 2966 1987 3012 insistentes
2009 2967 2337 3012 observationes
2361 2984 2487 3026 quas·

329 3045 429 3091 dam
466 3046 773 3105 grammaticas
811 3062 866 3092 ex
898 3062 983 3091 uno
1017 3062 1143 3091 versu
1176 3046 1327 3092 ductas
1360 3047 1659 3105 proponimus,
1701 3053 1747 3090 ut
1777 3045 1879 3090 huic
1911 3046 2134 3104 praefandi
2167 3047 2311 3091 officio
2344 3049 2408 3092 sic
2443 3059 2489 3093 ut

328 3138 559 3182 possumus
591 3126 699 3170 satis
731 3125 956 3170 faciamus.

541 3203 697 3262 Itaque
728 3205 773 3248 in
807 3204 1027 3249 cantilena
1057 3220 1186 3262 quam
1218 3204 1410 3262 Lycidas
1442 3205 1582 3248 amico
1614 3204 1739 3248 offert
1768 3204 1831 3248 ita
1863 3204 2011 3249 dicens
2043 3204 2102 3260 (v.
2125 3202 2204 3261 50)

993 3289 995 3291 ’
1048 3281 1160 3339 mirei
1192 3286 1273 3338 μέν
1303 3310 1361 3317 —
1394 3281 1486 3340 ὅρη,
1518 3283 1661 3338 φίλος,
1692 3286 1733 3325 εἴ
1761 3299 1825 3326 τοι
1856 3281 2023 3337 ἀρέσκει

701 3383 716 3403 x
831 3361 957 3404 τοῦθ’
989 3360 1013 3403 ὃ
1043 3377 1082 3403 τι
1115 3362 1231 3415 πρᾶν
1261 3360 1309 3403 ἐν
1339 3359 1430 3415 ὄρει
1461 3358 1507 3402 τὸ
1538 3358 1770 3415 μελύδριον
1802 3358 2046 3412 ἐξεπόνασα
