3008 3830
1406 146 1459 189 11

782 266 1046 320 Χρυσάνταν
1081 262 1210 309 aiddu
1245 263 1392 316 ἄλλων
1428 265 1583 321 δέομαι
1621 263 1962 314 πυνθάνεσθαι,
2002 260 2095 308 ἀλλ’
2118 259 2246 314 αὗτὸς
2284 263 2384 306 οἶδα
2426 263 2515 313 οἷος

927 340 998 400 ἦν·
1031 341 1084 386 ιὰ
1104 343 1187 400 μὲν
1206 342 1291 398 γὰρ
1321 342 1438 388 ἄλλα
1469 343 1647 398 ὅσαπερ,
1679 346 1818 400 οἶμαι,
1848 346 1922 386 καὶ
1947 341 2108 393 πάντες
2134 340 2256 399 ὑμεῖς
2277 343 2512 387 ἐποιεῖτε.

348 423 464 466 Nam
495 420 631 465 ἐποίει
661 422 1008 480 exspectabatur,
1047 421 1126 466 sed
1157 423 1355 473 ἐποιεῖτε,
1391 422 1449 466 ad
1479 421 1638 473 πάντες
1670 419 1786 478 {merc
1818 422 2015 476 relatum,
2058 422 2156 480 plus
2189 421 2333 475 habet,
2374 430 2422 464 ut
2453 422 2515 464 ait

348 500 619 572 Dindoffius,
646 501 855 559 praesidii
878 517 908 545 a
932 501 1059 556 libris
1080 516 1208 560 quam
1230 502 1429 558 alterum,
1457 501 1572 560 quod
1592 501 1721 545 facile
1742 502 1886 560 quivis
1908 516 2117 558 reponere
2138 508 2321 559 poterat.
2369 501 2513 557 Magis

348 581 481 625 etiam
513 593 612 624 cum
643 587 794 640 nostra
825 595 958 624 causa
989 581 1220 625 coniuncta
1250 588 1353 626 sunt
1382 596 1493 639 quae
1526 579 1786 625 Theocritus
1818 580 1971 623 scribit
2001 580 2042 635 5,
2066 580 2125 624 28

797 673 877 704 ΛΑ.
1636 661 1697 708 τίς
1729 658 1777 700 δὲ
1808 656 2032 711 παρειίσας

925 734 1048 788 αἰγὸς
1079 737 1359 790 πρατοτόκοιο
1391 736 1531 779 κακὰν
1561 734 1673 780 κύνα
1705 735 1841 792 δήλετ’
1874 733 2096 791 ‹ipsi-rem,-

800 828 878 859 Κο.
928 813 1041 864 ὅστις
1072 823 1263 863 vexaverat
1293 814 1367 858 τὸν
1399 815 1582 858 “zatzon
1613 812 1672 863 ὥς
1703 813 1753 856 τι)
1785 817 2080 863 πεποίθεις,

923 891 1042 949 σφὰξ
1070 895 1272 947 βομβέων
1300 896 1482 946 τέττιγος
1511 893 1725 936 ἐναντίον.

346 968 446 1012 Hoc
477 969 607 1023 enim,
642 972 887 1020 πεποὶθεις,
920 969 989 1013 cui
1020 969 1260 1014 adbaerent
1291 971 1489 1028 proxima
1519 969 1640 1028 σφὰξ
1669 974 1887 1027 βομβέων,
1920 969 2127 1013 librorum
2160 968 2247 1011 fide
2270 969 2434 1024 nititur,
2469 979 2511 1013 et

345 1063 609 1105 quamquam
648 1064 736 1091 una
772 1048 950 1106 dempta
986 1049 1133 1094 littera
1167 1050 1282 1093 effici
1320 1057 1475 1107 potest,
1515 1049 1559 1093 id
1592 1049 1708 1107 quod
1742 1049 1847 1093 olim
1880 1055 2123 1098 suaserunt,
2163 1047 2218 1091 ad
2250 1047 2363 1098 ὅστις
2394 1048 2510 1106 quod

345 1133 530 1184 aptetur,
567 1142 656 1171 non
693 1127 856 1183 licebit,
895 1129 1136 1185 opinamur,
1176 1133 1404 1179 πεποίθεις
1440 1144 1539 1173 cum
1577 1127 1636 1178 ὥς
1666 1128 1715 1172 vi»
1747 1128 2028 1172 coniunctum
2065 1128 2200 1171 errori
2238 1129 2405 1173 librarii
2438 1128 2510 1173 ad-

345 1205 549 1249 scribere.
588 1205 650 1249 Et
670 1220 783 1262 quae
804 1203 1101 1250 Callimachus
1124 1207 1272 1264 hymn.
1291 1208 1332 1262 3,
1359 1209 1445 1252 153
1468 1207 1522 1251 de
1543 1207 1734 1251 Hercule
1757 1207 1959 1250 reducem
1983 1223 2037 1250 ex
2059 1208 2290 1251 venatione
2310 1208 2509 1251 Artemin

345 1283 590 1340 excipiente

922 1362 1139 1416 κερδαλέῳ
1170 1361 1303 1417 μύθῳ
1336 1376 1395 1415 σε,
1430 1360 1527 1418 Seri,
1557 1361 1680 1418 μάλα
1712 1362 1820 1419 τῷδε
1852 1360 2046 1405 nimiam

914 1438 1064 1495 ’βάλλε
1095 1438 1254 1490 κακοὺς
1285 1440 1357 1485 ἐπὶ
1388 1443 1548 1498 θῆρας,
1579 1446 1652 1484 ἵνα
1685 1443 1841 1497 θνητοί
1871 1453 1918 1483 σε
1948 1439 2120 1497 βοηθόν

923 1517 981 1569 ὡς
1010 1519 1086 1575 ἐμὲ
1116 1518 1485 1575 κικλήσκουσιν.

324 1593 486 1650 7(ὶιιωκι
519 1595 679 1653 pusilla
710 1609 843 1654 opera
874 1604 968 1640 erat
997 1595 1273 1653 κικλήσκωσιν
1304 1611 1512 1655 reponere
1545 1610 1642 1639 cum
1676 1596 1799 1639 Italis
1832 1606 1876 1639 et
1903 1597 2142 1639 novissimo
2166 1596 2342 1651 editore,
2368 1605 2414 1639 ut
2435 1604 2508 1640 ἵνα

342 1673 524 1718 haberet
554 1674 670 1732 quod
703 1674 993 1731 desiderabat,
1027 1676 1102 1720 sed
1136 1690 1286 1720 rursus
1307 1675 1544 1720 verendum
1566 1682 1634 1720 est
1655 1690 1733 1733 pro
1755 1676 1931 1719 librario
1954 1690 2008 1719 ne
2030 1683 2201 1733 poetam
2225 1676 2506 1732 corrigamus,

342 1753 418 1809 qui
454 1753 616 1797 omisso
654 1759 728 1796 ἵνα
766 1753 820 1797 ad
854 1752 913 1804 ὠς
949 1753 1063 1811 quod
1098 1755 1275 1812 propius
1308 1763 1403 1798 erat
1431 1754 1672 1798 orationem
1706 1753 2004 1817 conformavit.
2056 1753 2140 1797 His
2173 1754 2340 1797 duobus
2374 1752 2507 1797 Grae-

342 1845 489 1875 corum
519 1839 741 1889 poetarum
764 1832 978 1890 exemplis
1000 1832 1185 1876 addatur
1207 1833 1403 1876 latinum.
1452 1830 1639 1876 Ovidius
1661 1833 1777 1875 enim
1800 1833 1845 1875 in
1870 1832 2038 1875 decima
2060 1832 2299 1875 Heroidum
2324 1833 2508 1889 epistola

344 1910 430 1953 139
464 1910 526 1952 ita
557 1910 711 1953 scribit

772 2003 927 2046 corpus
959 1997 1005 2031 ut
1034 1989 1246 2047 impulsae
1275 1997 1430 2045 seqetes
1461 1989 1737 2046 aquilonibus
1769 1989 1956 2042 horrent,

846 2067 1070 2123 litteraque
1099 2067 1282 2109 articulo
1312 2081 1463 2123 pressa
1494 2074 1693 2108 tremente
1724 2066 1854 2118 labat,

339 2143 546 2187 horrendi
575 2144 707 2187 verbo
739 2144 794 2187 ad
826 2153 981 2202 eeqetes
1012 2145 1163 2197 relato,
1197 2144 1312 2202 quod
1344 2144 1534 2187 debebat
1565 2144 1621 2188 ad
1649 2159 1823 2202 corpus:
1852 2144 2025 2187 horrent
2046 2144 2160 2187 enim
2184 2143 2308 2200 probi
2331 2143 2504 2186 codices

339 2229 528 2277 tuentur,
562 2237 650 2273 non
681 2222 834 2277 horret,
869 2223 993 2280 quod„
1016 2232 1061 2265 ut
1087 2222 1214 2266 facile
1241 2222 1414 2266 restitui
1441 2229 1623 2278 poterat,
1647 2222 1709 2264 ita
1729 2222 1889 2264 iniuria
1910 2221 2150 2278 praefertur
2171 2222 2225 2264 ab
2249 2221 2502 2276 editoribus,

339 2300 471 2343 etiam
502 2299 737 2356 Ehwaldo3
770 2315 910 2358 neque
943 2300 1024 2344 hoc
1055 2300 1170 2358 quod
1201 2300 1420 2344 reddimus
1454 2298 1614 2344 Ovidio
1647 2299 1837 2343 deterius
1870 2308 1937 2342 est
1967 2314 2099 2356 quam
2131 2299 2245 2357 quod
2271 2298 2504 2342 Theocrito

339 2375 699 2436 Callimachoque
735 2393 822 2421 non
854 2385 1024 2436 poterat
1055 2378 1273 2435 denegari.
1326 2377 1511 2421 Romani
1544 2387 1689 2421 autem
1721 2392 1851 2435 quam
1885 2379 2080 2420 consueti
2112 2377 2275 2422 fuerint
2306 2378 2362 2419 in.
2385 2379 2503 2419 omni

336 2471 498 2513 genere
528 2456 740 2500 orationis
772 2457 1003 2501 verborum
1035 2457 1196 2501 formas
1228 2464 1399 2514 praeter
1429 2456 1672 2499 sententiae
1695 2456 2000 2498 necessitatem
2023 2469 2120 2499 cum
2144 2456 2355 2512 proximis
2377 2471 2503 2499 exae-

338 2550 484 2593 quare,
520 2535 589 2578 vel
621 2534 773 2578 Livius
806 2536 1056 2579 testimonio
1088 2543 1166 2589 est,
1201 2536 1276 2592 qui
1309 2550 1419 2592 quae
1450 2535 1603 2578 scribit
1637 2535 1675 2588 7,
1700 2534 1771 2589 38,
1796 2535 1823 2577 6

770 2629 847 2656 cur
883 2622 1024 2657 autem
1058 2616 1204 2672 potius
1235 2613 1449 2672 Campani
1483 2627 1636 2670 ayrum
1668 2612 1818 2655 Italiae
1855 2611 2138 2666 uberrimum,
2180 2613 2358 2669 diqnam
2395 2629 2502 2669 aqro

915 2693 1071 2748 urbem,
1106 2694 1184 2750 qui
1211 2707 1287 2735 nec
1317 2707 1361 2735 se
1389 2707 1465 2734 nec
1495 2706 1576 2733 sua
1606 2692 1742 2734 tutari
1768 2699 1954 2747 possent,
1990 2705 2120 2746 quam
2139 2693 2276 2733 victor
2297 2693 2504 2734 exercitus

916 2770 1108 2827 haberet,
1148 2773 1227 2829 qui
1260 2786 1337 2814 suo
1375 2771 1530 2813 sudore
1567 2785 1618 2812 ac
1654 2770 1863 2826 sanquine
1894 2769 1993 2811 inde
2028 2768 2241 2812 Samnites
2273 2770 2505 2828 depulisset

336 2856 379 2890 et
411 2862 521 2906 quae
555 2848 624 2903 38,
649 2849 689 2904 9,
718 2849 772 2892 13

769 2928 895 2983 siqua
922 2942 1056 2970 aenea
1081 2940 1404 2982 marmoreaque
1430 2933 1469 2968 et
1489 2925 1658 2968 tabulae
1673 2928 1833 2982 pictae,
1859 2924 2013 2981 quibus
2036 2927 2231 2967 ornatior
2252 2926 2500 2980 Ambracia,

914 3006 1018 3061 quia
1050 3007 1169 3062 reqia
1197 3004 1263 3047 ibi
1290 3003 1461 3061 Pyrrhi
1475 3002 1646 3059 fuerat,
1687 2998 2007 3059 quamceterae
2036 3004 2225 3059 reyionis
2257 3005 2348 3046 eius
2378 3003 2502 3046 urbes

912 3092 1048 3137 erant,
1081 3081 1250 3125 sublata
1282 3082 1426 3125 omnia
1456 3088 1684 3137 avectaque

334 3159 595 3217 intemptata
627 3168 741 3216 sunt,
776 3176 1038 3218 quamquam
1071 3176 1156 3204 non
1191 3159 1413 3203 difficilius
1445 3167 1540 3202 erat
1570 3158 1643 3202 hic
1669 3168 1763 3202 erat
1782 3164 1858 3202 aut
1879 3158 1970 3202 illic
1991 3158 2193 3202 haberent
2217 3165 2262 3202 ut
2284 3159 2502 3203 sententia

334 3239 543 3295 poscebat
579 3240 734 3298 reponi
771 3255 902 3298 quam
939 3239 1053 3297 apud
1086 3238 1294 3284 Ovidium
1331 3238 1483 3283 horret.
1531 3236 1590 3282 Et
1627 3237 1734 3282 talia
1769 3237 1945 3296 quidem
1977 3236 2240 3296 Apollonius
2279 3237 2373 3296 ipse
2411 3253 2499 3282 non

332 3317 505 3374 refugit.
551 3316 667 3362 Nam
698 3334 797 3362 cum
829 3319 983 3363 scribit
1012 3319 1053 3374 3,
1077 3318 1166 3362 948

2161 3397 2210 3422 c)-
